%--
%A
%--

@inproceedings{Agam05,
  author = {G. Agam and C. Wu},
  title = {{Probabilistic Modeling-Based Vessel Enhancement in Thoracic {CT} Scans}},
  booktitle = CVPR,
  pages = "684--689",
  year = 2005
}

@article{Aibinu10,
  author = {A.M. Aibinu and M.I. Iqbal and A.A. Shafie and M.J.E. Salami and M. Nilsson},
  title = {{Vascular Intersection Detection in Retina Fundus Images Using a New Hybrid Approach}},
  journal = {Computers in Biology and Medicine},
  volume = "40",
  number = "1",
  pages = "81--89",
  year = 2010
}

@inproceedings{Ali07,
  author = {{A. Ali} and {A. Farag} and {A. El-Baz}},
  title = {{Graph {C}uts {F}ramework for {K}idney {S}egmentation With {P}rior {S}hape {C}onstraints}},
  booktitle = MICCAI,
  pages = "384--92",
  year = 2007
}

@book{Allard95,
  author = {P. Allard and I.A.F. Stokes and J.P. Blanchi},
  title = {{Three-Dimensional Analysis of Human Movement}},
  publisher = "Human Kinetics",
  year = 1995
}

@inproceedings{Althoff05,
  author = {K. Althoff and J. Degerman and T. Gustavsson},
  title = {{Combined Segmentation and Tracking of Neural Stem-Cells}},
  booktitle = SCIA,
  year = 2005
}

@inproceedings{Andres08,
  author = {B. Andres and U. Koethe and M. Helmstaedter and W. Denk and F.A. Hamprecht},
  title = {{Segmentation of SBFSEM Volume Data of Neural Tissue by Hierarchical Classification}},
  booktitle = DAGM,
  pages = "142-52",
  year = 2008
}

@article{AntigaER03,
  author    = {Luca Antiga and Bogdan Ene-Iordache and Andrea Remuzzi},
  title     = {Computational Geometry for Patient-Specific Reconstruction and Meshing of Blood Vessels from Angiography},
  journal   = TMI,
  volume    = {22},
  number    = {5},
  year      = {2003},
  pages     = {674-684}
}

@inproceedings{Ardizzone08,
  author = {E. Ardizzone and R. Pirrone and O. Gambino and S. Radosta},
  title = {{Blood Vessels and Feature Points Detection on Retinal Images}},
  booktitle = {Engineering in Medicine and Biology Society},
  pages = "2246--2249",
  month = "August",
  year = 2008
}

@inproceedings{Ardizzone09,
  author = {E. Ardizzone and R. Pirrone and O. Gambino},
  title = {{Optic Disc Positioning and Blood Vessels Extraction on Eye Fundus}},
  booktitle = {{EUROCON}},
  pages = "167--172",
  month = "May",
  year = 2009
}

@article{Arimura07,
  author = {N. Arimura and K. Kaibuchi},
  title = {{Neuronal Polarity: from Extracellular Signals to Intracellular Mechanisms}},
  journal = {Nature Reviews Neuroscience},
  volume = "8",
  number = "3",
  year = 2007
}

@article{Aylward03,
  author = {Stephen R. Aylward and Julien Jomier and Sue Weeks and Elizabeth Bullitt},
  title = {{Registration and Analysis of Vascular Images}},
  journal = IJCV,
  volume = "55",
  number = "2-3",
  pages = "123--138",
  year = 2003
}

%--
%B
%--

@article{Baddeley97,
author = {R. Baddeley and L. F. Abbott and M. C.A. Booth and F. Sengpiel and T. Freeman and E. A. Wakeman and E. T. Rolls},
journal = PRSB,
title = {{Responses of neurons in primary and inferior temporal visual cortices to natural scenes}},
year = {1997},
}

@article{Bakal07,
  author = {C. Bakal and et al.},
  title = {{Quantitative Morphological Signatures Define Local Signaling Networks Regulating Cell Morphology}},
  journal = {Science},
  volume = "316",
  pages = "1753-1756",
  year = 2007
}

@inproceedings{Bamford98,
  author = {P. Bamford and B. Lovell},
  title = {{Improving the Robustness of Cell Nucleus Segmentation}},
  booktitle = BMVC,
  year = 1998
}

@article{Bao99,
  author = {H. Bao and P.Y. Willems},
  title = {{On the Kinematic Modelling and the Parameter Estimation of the Human Shoulder}},
  journal = "Journal of Biomechanics",
  volume = "32",
  number = "9",
  pages = "943--950",
  year = 1999
}

@inproceedings{Barbu10,
 author = {A. Barbu and M. Suehling and X. Xu and D. Liu and K. Zhou and D. Comaniciu},
 title = {{Automatic Detection and Segmentation of Axillary Lymph Nodes}},
 booktitle = MICCAI,
 year = {2010}
}

@article{Bas11,
  author = {E. Bas and D. Erdogmus},
  title = {{Principal Curves as Skeletons of Tubular Objects - Locally Characterizing the Structures of Axons}},
  journal = "Neuroinformatics",
  volume = "9",
  number = "2-3",
  pages = "181--191",
  year = 2011
}

@inproceedings{Becker12,
  author = {C. Becker and K. Ali and P. Fua},
  title = {{Learning Context Cues for Synapse Segmentation in EM Volumes}},
  booktitle = MICCAI,
  month = "September",
  year = 2012
}

@inproceedings{Begelman04,
  author = {G. Begelmana and E. Gur and E. Rivlin and M. Radzsky and Z. Zalevsky},
  title = {{Cell Nuclei Segmentation Using a Fuzzy Logic Engine}},
  booktitle = ICIP,
  year = 2004
}

@article{Beil95,
  author = {M. Beil and T. Irinopoulou and J. Vassy and G. Wolf},
  title = {{A Dual Approach to Structural Texture Analysis in Microscopic Cell Images}},
  journal = "Computer Methods and Programs in Biomedicine",
  volume = "48",
  number = "3",
  pages = "562--572",
  year = 1995
}

@inproceedings{Benmansour09,
  author = {Fethallah Benmansour and Laurent D. Cohen and Max W.K. Law and Albert C.S. Chung},
  title = {{Tubular Anisotropy for 2d Vessels Segmentation}},
  booktitle = CVPR,
  year = 2009
}

@article{Benmansour11,
  author    = {Fethallah Benmansour and Laurent D. Cohen},
  title     = {Tubular Structure Segmentation Based on Minimal Path Method and Anisotropic Enhancement},
  journal   = IJCV,
  volume    = {92},
  number    = {2},
  year      = {2011},
  pages     = {192-210}
}

@inproceedings{Bhuiyan07,
  author = {A. Bhuiyan and B. Nath and J. Chua and K. Ramamohanarao},
  title = {{Automatic Detection of Vascular Bifurcations and Crossovers from Color Retinal Fundus Images}},
  booktitle = {Conference on Signal-Image Technologies and Internet-Based System},
  pages = "711--718",
  month = "December",
  year = 2007
}

@article{Biryukova00,
  author = {E.V. Biryukova and A. Roby-Brami and A.A. Frolov and M. Mokhtari},
  title = {{Kinematics of Human Arm Reconstructed from Spatial Tracking System Recordings}},
  journal = "Journal of Biomechanics",
  volume = "33",
  number = "8",
  pages = "985--995",
  year = 2000
}

@article{Borgefors99,
  author = {G. Borgefors and I. Nystr√∂m and G. Sanniti Di Baja},
  title = {{Computing Skeletons in Three Dimensions}},
  journal = PR,
  volume = "32",
  number = "7",
  pages = "1225--1236",
  year = 1999
}

@article{Breteler99,
  author = {M.D. Klein Breteler and C.W. Spoor and F.C.T. Van der Helm},
  title = {{Measuring Muscle and Joint Geometry Parameters of a Shoulder for Modeling Purposes}},
  journal = "Journal of Biomechanics",
  volume = "32",
  number = "11",
  pages = "1191--1197",
  year = 1999
}

@article{Bullitt03,
  author = {E. Bullitt and G. Gerig and S. Pizer and W. Lin and S. Aylward},
  title = {{Measuring Tortuosity of the Intracerebral Vasculature from Mra Images}},
  journal = TMI,
  volume = "22",
  pages = "1163--1171",
  month = {01},
  year = 2003
}

%--
%C
%--

@article{Cai06,
  author = {H. Cai and X. Xu and J. Lu and J.W. Lichtman and S.P. Yung and S.T.C. Wong},
  title = {{Repulsive Force Based Snake Model to Segment and Track Neuronal Axons in 3D Microscopy Image Stacks}},
  journal = "NeuroImage",
  volume = "32",
  number = "4",
  pages = "1608--1620",
  month = "August",
  year = 2006
}

@book{Campbell06,
  author = {N. Campbell and B. Williamson and R. Heyden},
  title = {{Biology: Exploring Life}},
  publisher = "Pearson Prentice Hall",
  year = 2006
}

@article{Can99,
  author = {A. Can and H. Shen and J.N. Turner and H.L. Tanenbaum and B. Roysam},
  title = {{Rapid Automated Tracing and Feature Extraction from Retinal Fundus Images Using Direct Exploratory Algorithms}},
  journal = TITB,
  volume = "3",
  number = "2",
  pages = "125--138",
  month = "June",
  year = 1999
}

@article{Can02,
  author = {A. Can and C.V. Stewart and B. Roysam and H.L. Tanenbaum},
  title = {{A Feature-Based, Robust, Hierarchical Algorithm for Registering Pairs of Images of the Curved Human Retina}},
  journal = PAMI,
  volume = "24",
  number = "3",
  pages = "347--364",
  month = "March",
  year = 2002
}

@inproceedings{Cananova04,
  author = {E. Casanova and H. Dejnabadi and B. Jolles and K. Aminian and P. Fua},
  title = {{3D Motion Analysis and Synthesis from Inertial Gyroscopes and Image Data}},
  booktitle = "Annual European Society for Movement Analysis in Adults and Children Conference",
  month = "November",
  year = 2004
}

@book{Capowski1989,
  title = {{Computer Techniques in Neuroanatomy}},
  publisher = {Plenum Press},
  editor = {Capowski, J. J.},
  year = 1989
}

@article{Cappozzo96,
  author = {A. Cappozzo and F. Catani and A. Leardini and M.G. Benedetti and U. Della Croce},
  title = {{Position and Orientation in Space of Bones During Movement: Experimental Artefacts}},
  journal = "Clinical Biomechanics",
  number = "10",
  pages = "90--100",
  year = 1996
}

@article{Cappozzo97,
  author = {A. Cappozzo and A. Cappello and U. Della Croce and F. Pensalfini},
  title = {{Surface Marker Cluster Design Criteria for 3D Bone Movement Reconstruction}},
  journal = "IEEE Transactions on Biomedical Engineering",
  number = "44",
  pages = "1165--1174",
  year = 1997
}

@inproceedings{Chang-Hua07,
  author = {C.-H. Wu and G. Agam and P. Stanchev},
  title = {{A General Framework for Vessel Segmentation in Retinal Images}},
  booktitle = {International Symposium on Computational Intelligence in Robotics and Automation},
  pages = "37--42",
  month = "June",
  year = 2007
}

@article{ChenA04,
  author    = {Jian Chen and Amir A. Amini},
  title     = {Quantifying 3-D vascular structures in MRA images using hybrid PDE and geometric deformable models},
  journal   = TMI,
  volume    = {23},
  number    = {10},
  year      = {2004},
  pages     = {1251-1262}
}

@article{Chothani11,
title = {Automated Tracing of Neurites from Light Microscopy Stacks of Images},
author = {P. Chothani and V. Mehta and A. Stepanyants},
journal = {Neuroinformatics},
volume = 9,
pages = {263--278},
year = 2011,
}

@book{Cochran96,
  author = {A. Cochran and J. Stobbs},
  title = {{Search for the Perfect Swing}},
  publisher = {Triumph books},
  year = 1996
}

@article{Cohen94,
  author = {A. R. Cohen and B. Rosyam and J. N. Turner},
  title = {{Automated Tracing and Volume Measurements of Neurons Form 3D Confocal Fluorescence Microscopy Data.}},
  journal = {Journal of Microscoopy},
  volume = "173",
  pages = "103--114",
  month = "February",
  year = 1994
}

@article{Collinet10,
  author = {C. Collinet and et al.},
  title = {{Systems Survey of Endocytosis by Multiparametric Image Analysis}},
  journal = {Nature},
  volume = "464",
  pages = "243-249",
  year = 2010
}

%--
%D
%--

@article{DeGroot97,
  author = {J.H. De Groot},
  title = {{The Variability of Shoulder Motions Recorded by Means of Palpation}},
  journal = "Journal of Clinical Biomechanics",
  volume = "12",
  number = "7/8",
  pages = "461--472",
  year = 1997
}

@article{DeGroot98,
  author = {C.G.M Meskers and F.C.T. Van der Helm and L.A. Rozendaal and P.M. Rozing},
  title = {{In Vivo Estimation of the Glenohumeral Joint Center from Scapular Bony Landmarks by Linear Regression}},
  journal = "Journal of Biomechanics",
  volume = "31",
  pages = "93--96",
  year = 1998
}

@article{DeGroot01,
  author = {J.H. De Groot and R. Brand},
  title = {{A Three Dimensional Regression Model of the Shoulder Rhythm}},
  journal = "Journal of Clinical Biomechanics",
  volume = "16",
  number = "9",
  pages = "735--743",
  year = 2001
}

@article{DePaola06,
  author = {V. DePaola V and A. Holtmaat and G. Knott and S. Song and L. Wilbrecht},
  title = {{Cell Type-Specific Structural Plasticity of Axonal Branches and Boutons in the Adult Neocortex}},
  journal = "Neuron",
  pages = "861--875",
  year = 2006
}

@article{Debeir04,
  author = {O. Debeir and I. Camby and R. Kiss and P. Van Ham and C. Decaestecker},
  title = {{A Model-Based Approach for Automated in Vitro Cell Tracking and Chemotaxis Analysis}},
  journal = {Cytometry},
  volume = "60",
  number = "A",
  pages = "29--40",
  year = 2004
}

@inproceedings{Dejnabadi05,
  author = {H. Dejnabadi and E. Casanova and B. Jolles and K. Aminian and P. Fua},
  title = {{Joint Angle Monitoring in Osteoarthritis Patients Using Body-Fixed Sensors}},
  booktitle = {Conference on Gait and Postural Research},
  year = 2005
}

@article{Dejnabadi06a,
  author = {H. Dejnabadi and B.M. Jolles and E. Casanova and P. Fua and K. Aminian},
  title = {{Estimation and Visualization of Sagittal Kinematics of Lower Limbs Orientation Using Body-Fixed Sensors}},
  journal = TBME,
  volume = "53",
  number = "7",
  pages = "1385--1393",
  year = 2006
}

@article {Donohue11,
      author = "D. Donohue and G. Ascoli",
      title = "Automated reconstruction of neuronal morphology: An overview",
      journal = "Brain Research Reviews",
      year = 2011,
      pages = "94--102",
      volume = "67"
}

@article{Dzyubak11,
  author    = {O.P. Dzyubak and E.L. Ritman},
  title     = {Automation of Hessian-Based Tubularity Measure Response Function in 3D Biomedical Images},
  journal   = {Int. J. Biomedical Imaging},
  volume    = {2011},
  year      = {2011},
  ee        = {http://dx.doi.org/10.1155/2011/920401}
}

%--
%E
%--

@article{Engin86,
  author = {A.E. Engin and S.M. Chen},
  title = {{Statistical Data Base for the Biomechanical Properties of the Human Shoulder Complex}},
  journal = "Journal of Biomechanical Engineering",
  volume = "108",
  pages = "215--221",
  year = 1986
}

@article{Engin89,
  author = {A.E. Engin and S.T. T{\"u}mer},
  title = {{Three-Dimensional Kinematic Modeling of the Human Shoulder Complex}},
  journal = "Journal of Biomechanical Engineering",
  volume = "111",
  pages = "113--121",
  year = 1989
}

@article{Engin93,
  author = {A.E. Engin and S.T. T{\"u}mer},
  title = {{Improved Dynamic Model of the Human Knee Joint and Its Response to Imact Loading on the Lower Leg}},
  journal = "Journal of Biomechanical Engineering",
  volume = "115",
  number = "2",
  pages = "137--143",
  year = 1993
}

@article{Evers05,
  author = {J. F. Evers and S. Schmitt and  M.  Sibila and C. Duch},
  title = {{Progress in Functional Neuroanatomy: Precise Automatic Geometric Reconstruction of Neuronal Morphology from Confocal Image Stacks}},
  journal = "Journal Neurophysioly",
  volume = "93",
  number = "4",
  pages = "2331--2342",
  year = 2005
}

%--
%F
%--

@phdthesis{Fan06,
  author = {D.C.K. Fan},
  title = {{Bayesian Inference of Vascular Structure from Retinal Images}},
  school = {Dept. of Computer Science, U. of Warwick, Coventry, UK},
  year = 2006
}

@article{Fang06,
  author = {B. Fang and Y. Y. Tang},
  title = {{Elastic registration for retinal images based on reconstructed
vascular trees}},
  journal = TBME,
  volume = "53",
  pages = "1183--1187",
  year = 2006,
}

@article{Fitts54,
  author = {M. Fitts},
  title = {{The Information Capacity of the Human Motor System in Controlling the Amplitude of Movements}},
  journal = "Journal of Experimental Psychology",
  volume = "47",
  pages = "381--391",
  year = 1954
}

@article{Flasque01,
  author = {N. Flasque  and  M. Desvignes and J.M. Constans and  M. Revenu},
  title = {{Acquisition, Segmentation and Tracking of the Cerebral Vascular Tree on 3D Magnetic Resonance Angiography Images}},
  journal = "Medical Image Analysis",
  volume = "5",
  number = "3",
  pages = "173--183",
  year = 2001
}

@inproceedings{Frangakis02,
  author = {A.S. Frangakis and R. Hegerl},
  title = {{Segmentation of two- and three-dimensional data from electron microscopy using eigenvector analysis}},
  booktitle = JSB,
  year = 2002
}

@article{Frangi98,
  author = {Alejandro F. Frangi and Wiro J. Niessen and Koen L. Vincken and Max A. Viergever},
  title = {{Multiscale Vessel Enhancement Filtering}},
  journal = "Lecture Notes in Computer Science",
  volume = "1496",
  pages = "130--137",
  year = 1998
}

@article{Fridman04,
  author = {Yonatan Fridman and Stephen M. Pizer and Stephen Aylward and Elizabeth Bullitt},
  title = {{Extracting Branching Tubular Object Geometry Via Cores}},
  journal = "Medical Image Analysis",
  volume = "8",
  number = "3",
  pages = "169--176",
  year = 2004
}

%--
%H
%--

@article{Halvorsen99,
  author = {K. Halvorsen and M. Lesser and A. Lundberg},
  title = {{A New Method for Estimating the Axis of Rotations and the Center of Rotation}},
  journal = "Journal of Biomechanics",
  volume = "32",
  pages = "1221--1227",
  year = 1999
}

@ARTICLE{Hamarneh10,
   AUTHOR       = {Ghassan Hamarneh and Preet Jassi},
   JOURNAL      = {Computerized Medical Imaging and Graphics},
   TITLE        = {VascuSynth: Simulating Vascular Trees for Generating Volumetric Image data with Ground Truth Segmentation and Tree Analysis},
   YEAR         = {2010},
   NUMBER       = {8},
   PAGES        = {605-616},
   VOLUME       = {34}
}

@book{Hamill-knutzen,
  author = {J. Hamill and K.M. Knutzen},
  title = {{Biomechanical Basis of Human Movement}},
  publisher = "Williams \& Wilkins",
  year = 1995
}

@article{Harris98,
  author = {M. Harris and D.M. Wolpert},
  title = {{Signal-Dependent Noise Determines Motor Planning}},
  journal = "Nature",
  volume = "394",
  year = 1998
}

@article{Hart99,
  author = {W. E. Hart and M. Goldbaum and P. Kube and M. R. Nelson},
  title = {{Measurement and Classification of Retinal Vascular Tortuosity}},
  journal = IJMI,
  volume = "53",
  pages = "239--252",
  year = 1999
}

@article{Hatze97,
  author = {H. Hatze},
  title = {{A Three-Dimensional Multivariate Model of Passive Human Joint Torques and Articular Boundaries}},
  journal = "Clinical Biomechanics",
  volume = "12",
  pages = "128--135",
  year = 1997
}

@article{Hayes01,
  author = {K. Hayes and J.R. Walton and Z.L. Szomor and G.A.C. Murrell},
  title = {{Reliability of Five Methods for Assessing Shoulder Range of Motion}},
  journal = "Australian Journal of Physiotherapy",
  volume = "47",
  pages = "289--294",
  year = 2001
}

@article{He03,
  author = {W. He and T.A. Hamilton and A.R. Cohen and T.J. Holmes and C. Pace and D.H. Szarowski and J.N. Turner and B. Roysam},
  title = {{Automated Three-Dimensional Tracing of Neurons in Confocal and Brightfield Images}},
  journal = {Microscopy and Microanalysis},
  volume = "9",
  number = "4",
  pages = "296--310",
  year = 2003
}

@article{Held10,
  author = {M. Held and et al.},
  title = {{CellCognition: time-resolved phenotype annotation in high-throughput live cell imaging.}},
  journal = {Nature Methods},
  number = "7",
  volume = "9",
  pages = "747-754",
  year = 2010
}

@article{Herold10, 
title={Automated detection and quantification of fluorescently labeled synapses
                  in murine brain tissue sections for high throughput
                  applications.}, 
volume={149}, 
number={4}, 
journal={Journal of Biotechnology}, 
author={J. Herold and W. Schubert and  T.W. Nattkemper}, 
year={2010}, 
pages={299--309}}

@article{Hoffpauir07,
  author = {B. Hoffpauir and B. Pope and G. Spirou},
  title = {{Serial Sectioning and Electron Microscopy of Large Tissue Volumes for 3D Analysis and Reconstruction: a Case Study of the Calyx of Held}},
  journal = {Natural Protocols},
  volume = "2",
  number = "1",
  pages = "296--310",
  year = 2007
}

@article{Holtmaat06,
  author = {A. Holtmaat and L. Wilbrecht and G. Knott and E. Welker and K. Svoboda},
  title = {{Experience-Dependent and Cell-Type-Specific Spine Growth in the Neocortex}},
  journal = {Nature},
  volume = "441",
  pages = "979--983",
  year = 2006
}

@inproceedings{Huang06,
  author = {K. Huang and M. Yan},
  title = {{Robust Optic Disk Detection in Retinal Images Using Vessel Structure and Radon Transform}},
  booktitle = SPIE,
  volume = "6144",
  year = 2006
}

%--
%G
%--

@article {Gillette11,
      author = "T. Gillette and K. Brown and G. Ascoli",
      title = "The DIADEM Metric: Comparing Multiple Reconstructions of the Same Neuron",
      journal = "Neuroinformatics",
      month = "May",
      year = 2011,
      pages = "233--245",
      volume = "9"
}

@inproceedings{Gulsun08,
  author    = {Mehmet Akif G{\"u}ls{\"u}n and H{\"u}seyin Tek},
  title     = {Robust Vessel Tree Modeling},
  booktitle = {MICCAI (1)},
  year      = {2008},
  pages     = {602-611}
}

%--
%I
%--

@inproceedings{Ijspeert02,
  author = {A.J. Ijspeert and J. Nakanishi and S. Schaal},
  title = {{Movement Imitation With Nonlinear Dynamical Systems in Humanoid Robots}},
  booktitle = ICRA,
  pages = "1398--1403",
  year = 2002
}

%--
%J
%--

@inproceedings{Jain07,
  author = {V. Jain and J.F. Murray and F. Roth and S.C Turaga and V. Zhigulin and K.L. Briggman and M.N. Helmstaedter and W. Denk and H.S. Seung},
  title = {{Supervised Learning of Image Restoration with Convolutional Networks}}, 
  booktitle = ICCV,
  pages="1--8",
  year = 2007
}

@inproceedings{Jain10a,
  author = {V. Jain and B. Bollmann and M. Richardson and D. Berger and M.N. Helmstaedter and K. Briggman and W. Denk and J. Mendenhall and W. Abraham and K. harris and N. Kasthuri and K. Hayworth and R. Schalek and J. Tapia and J. Lichtman and H.S. Seung},
  title = {{Boundary Learning by Optimization with Topological Constraints}}, 
  booktitle = CVPR,
  pages = "2488-95",
  year = 2010
}

@article{Jain10b,
  author = {V. Jain and H. S. Seung and S. Turaga},
  title = {{Machines that Learn to Segment Images: A Crucial Technology for Connectomics}},
  journal = "Current Opinion in Neurobiology",
  volume = "20",
  pages = "1-14",
  year = 2010
}

@ARTICLE{Jassi11,
   AUTHOR       = {Preet Jassi and Ghassan Hamarneh},
   JOURNAL      = {Insight Journal},
   TITLE        = {VascuSynth: Vascular Tree Synthesis Software},
   YEAR         = {2011},
   PAGES        = {1-12},
   VOLUME       = {January-June}
}

@article{Johnston69,
  author = {R. Johnston and G. Smidt},
  title = {{Measurement of Hip Joint Motion During Walking}},
  journal = "Journal of Bone and Joint Surgery",
  volume = "51",
  number = "A",
  pages = "1083--1094",
  year = 1969
}

@inproceedings{Jones05,
  author = {TR. Jones and A. Carpenter and P. Golland},
  title = {{Voronoi-Based Segmentation of Cells on Image Manifolds}},
  booktitle = "CVBIA",
  year = 2005
}

@inproceedings{Jomier05,
  author = {J. Jomier and V. LeDigarcher and S.R. Aylward},
  title = {{Automatic Vascular Tree Formation Using the Mahalanobis Distance.}},
  booktitle = MICCAI,
  pages = "806--812",
  year = 2005
}


@inproceedings{Jurrus06,
  author = {E. Jurrus and M. Hardy and T. Tasdizen and P.T. Fletcher and P. Koshevoy and C. Chien and W. Denk and R. Whitaker},
  title = {{Axon Tracking in Serial Block-Face Scanning Electron Microscopy}},
  booktitle = {MEDIA},
  year = 2006
}

@inproceedings{Jurrus08,
  author = {E. Jurrus and R. Whitaker and B.W. Jones and R. Marc and T. Tasdizen},
  title = {{An Optimal-Path Approach for Neural Circuit Reconstruction}},
  booktitle = ISBI,
  month = "May",
  year = 2008
}

@article{Jurrus10,
  author = {E. Jurrus and A. Paiva and S. Watanabe and J. Anderson and R. Whitaker and B.W. Jones and R. Marc and T. Tasdizen},
  title = {{Detection of Neuron Membranes in Electron Microscopy Images Using a Serial Neural Network Architecture}},
  journal = "Medical Image Analysis",
  volume = "14",
  number = "6",
  pages = "770--783",
  year = 2010
}

%--
%K
%--

@inproceedings{Kaynig10,
  author = {V. Kaynig and T. Fuchs and J.M. Buhmann},
  title = {{Neuron Geometry Extraction by Perceptual Grouping in ssTEM Images}},
  booktitle = CVPR,
  pages="2902--09",
  year = 2010
}




@inproceedings{Kirbas03,
  author = {C. Kirbas and F. Quek},
  title = {{Vessel Extraction Techniques and Algorithms: a Survey}},
  booktitle = {Symposium on BioInformatics and BioEngineering},
  pages = "238--245",
  year = 2003
}

@inproceedings{Kirbas2003,
  author = {C. Kirbas. and F. Quek},
  title = {{Vessel Extraction Techniques and Algorithms: a Survey}},
  booktitle = {IEEE Symposium on BioInformatics and BioEngineering},
  pages = "238",
  year = 2003
}

@article{Knott06,
  author = {G.W. Knott and A. Holtmaat and L. Wilbrecht and E. Welker and K. Svoboda},
  title = {{Spine Growth Precedes Synapse Formation in the Adult Neocortex in Vivo}},
  journal = {Nature Neuroscience},
  volume = "9",
  pages = "1117--1124",
  year = 2006
}

@article{Knott08,
  author = {G.W. Knott and H. Marchman and D. Wall and B. Lich},
  title = {{Serial Section Scanning Electron Microscopy of Adult Brain Tissue Using Focused Ion Beam Milling}},
  journal = {Journal of Neuroscience},
  volume = "28",
  number = "12",
  pages = "2959--64",
  year = 2008
}

@article{Knott08a,
  author = {A. Knott and G. Perkins and R. Schwarzenbacher and E. Bossy-Wetzel},
  title = {{Mitochondrial Fragmentation in Neurodegeneration}},
  journal = "Nature Reviews. Neuroscience", 
  volume = "9",
  number = "7",
  pages = "505-18",
  year = 2008
}

@article{Knott09,
  author = {G.W. Knott and A. Holtmaat and J.T. Trachtenberg and L. Wilbrecht and K. Svoboda and E. Welker},
  title = {{A Protocol for Preparing Gfp-Labeled Neurons Previously Imaged in Vivo and in Slice Preparations for Light and Electron Microscopic Analysis}},
  journal = {Nature Protocols},
  volume = "4",
  pages = "1145--1156",
  year = 2009
}

@inproceedings{Kodek02,
  author = {T. Kodek and M. Munich},
  title = {{Identifying Shoulder and Elbow Passive Moments and Muscle Contributions}},
  booktitle = IROS,
  year = 2002
}

@article{Kofahi02,
  author = {K. A. Al-Kofahi and S. Lasek and D. H. Szarowski and C. J. Pace and G. Nagy and J. N. Turner and B. Roysam},
  title = {{Rapid Automated Three-Dimensional Tracing of Neurons from Confocal Image Stacks}},
  journal = TITB,
  volume = "6",
  number = "2",
  pages = "171--187",
  year = 2002
}

@misc{Kofahi03,
  author = {K.A. Al-Kofahi and A. Can and S. Lasek and D.H. Szarowski and Natalie Dowell-Mesfin and William Shain and James N. Turner and et al.},
  title = {{Median-Based Robust Algorithms for Tracing Neurons from Noisy Confocal Microscope Images}},
  url = "citeseer.ist.psu.edu/al-kofahi03medianbased.html",
  month = "December",
  year = 2003
}

@article{Kofahi08,
  author = {Y. Al-Kofahi and N. Dowell-Mesfin and C. Pace and W. Shain and J. Turner and B. Roysam},
  title = {{Improved Detection of Branching Points in Algorithms for Automated Neuron Tracing from 3D Confocal Images}},
  journal = "Cytometry Part A",
  volume = "73",
  number = "1",
  pages = "36--43",
  year = 2008
}

@article{Koh02,
  author = {I.Y. Koh and W.B. Lindquist and K. Zito and E.A. Nimchinsky and K. Svoboda},
  title = {{An Image Analysis Algorithm for Dendritic Spines}},
  journal = {Neural Computation},
  volume = "14",
  number = "6",
  pages = "1283--1310",
  year = 2002
}

@article{Korbo90,
  author = {L. Korbo and B Pakkenberg and O. Ladefoged and H.J. Gunderson and P. Arlien-Soborg and H. Pakkenberg},
  title = {{An Efficient Method for Estimating the Total Number of Neurons in the Rat Brain Cortex}},
  journal = {Journal of Neuroscience Methods},
  volume = "31",
  number = "2",
  pages = "92-100",
  year = 1990
}

@book{Korein85,
  author = {J.U. Korein},
  title = {{A Geometric Investigation of Reach}},
  publisher = "MIT Press, Cambridge",
  year = 1985
}

@inproceedings{Kreshuk11,
  author = {A. Kreshuk and Christoph N. Straehle and C. Sommer and U. Koethe and G. Knott and F.A. Hamprecht},
  pages = {220-223},
  title = {{Automated Segmentation of Synapses in 3D EM Data.}},
  booktitle = {ISBI},
  year = 2011
}

@article{Krissian00,
  author = {K. Krissian and G. Malandain and N. Ayache and R. Vaillant and Y. Trousset},
  title = {{Model-Based Detection of Tubular Structures in 3D Images}},
  journal = CVIU,
  volume = "80",
  number = "1",
  pages = "130--171",
  month = "November",
  year = 2000
}

@techreport{Krissian04,
  author = {K. Krissian and R. Kikinis and C.-F. Westin},
  title = {{Algorithms for Extracting Vessel Centerlines}},
  institution = {Department of Radiology, Brigham and Women's Hospital, Harvard Medical School},
  month = "September",
  year = 2004
}

@techreport{KrissianLMI2003,
  author = {K. Krissian and R. Kikinis and C.-F. Westin},
  title = {{Algorithms for Extracting Vessel Centerlines}},
  institution = {Department of Radiology, Brigham and Women's Hospital, Harvard Medical School},
  month = "September",
  year = 2004
}

@inproceedings{Kumar10,
  author = {R. Kumar and A. Vazquez-Reina and H. Pfister},
  title = {{Radon-like Features and their Application to Connectomics}},
  booktitle = {Workshop on MMBIA},
  year = {2010}
}

%--
%L
%--

@inproceedings{Law08,
  author = {M.W. Law and A.C. Chung},
  title = {{Three Dimensional Curvilinear Structure Detection Using Optimally Oriented Flux}},
  booktitle = ECCV,
  pages = "368--382",
  year = 2008
}

@inproceedings{Law10,
  author = {M.W. Law and A.C. Chung},
  title = {{An Oriented Flux Symmetry Based Active Contour Model for Three Dimensional Vessel Segmentation}},
  booktitle = ECCV,
  pages = "720--734",
  year = 2010
}

@article{Leandro03,
author = {J.J.G. Leandro and J.V.B. Soares and R.M.Jr. Cesar and H.F. Jelinek},
title = {{Blood Vessels Segmentation in Non-Mydriatic Images Using Wavelets and Statistical Classifiers}},
journal = "Brazilian Symposium on Computer Graphics and Image Processing",
volume = "0",
pages = "262",
year = 2003
}

@article{Lee94,
  author = {T.C. Lee and R.L. Kashyap and C.N. Chu},
  title = {{Building Skeleton Models via 3-D Medial Surface Axis Thinning Algorithms}},
  journal = "CVGIP: Graphical Models and Image Processing",
  volume = "56",
  number = "6",
  pages = "462--478",
  year = 1994
}

@article{Lee07,
  author = {D. Lee and K. Lee and W. Ho and S. Lee},
  title = {{Target Cell-Specific Involvement of Presynaptic Mitochondria in Post-Tetanic Potentiation at Hippocampal Mossy Fiber Synapses}},
  journal = "The Journal of NeuroScience",
  volume = "27",
  number = "50",
  pages = "13603-13",
  year = 2007
}

@article{Lemay96,
  author = {Lemay M.A. and Crago P.E.},
  title = {{A Dynamic Model for Simulating Movements of the Elbow, Forearm, and Wrist}},
  journal = "Journal of Biomechanics",
  volume = "29",
  number = "10",
  pages = "1319--1330",
  year = 1996
}

@article{Lesage09,
  author    = {D. Lesage and D. Angelini and I. Bloch and G. Funka-Lea},
  title     = {{A Review of 3D Vessel Lumen Segmentation Techniques: Models, Features and Extraction Schemes}},
  journal   = "Medical Image Analysis",
  volume    = "13",
  number    = "6",
  pages     = "819-845",
  year      = 2009
}

@inproceedings{LesageABF09,
  author    = {David Lesage and Elsa D. Angelini and Isabelle Bloch and Gareth Funka-Lea},
  title     = {Bayesian Maximal Paths for Coronary Artery Segmentation from 3D CT Angiograms},
  booktitle = MICCAI,
  year      = {2009},
  pages     = {222-229}
}

@article{Li07,
	author = {H. Li  and A. Yezzi},
	title = {Vessels as 4-{D} Curves: Global Minimal {4-D} Paths to Extract 3-{D} Tubular Surfaces and Centerlines},
	journal = TMI,
	number = {9},
	pages = {1213--1223},
	priority = {5},
	volume = {26},
	year = 2007
}

@inproceedings{Lou11,
  author = {X. Lou and F.A. Hamprecht},
  title = {Structured Learning for Cell Tracking},
  booktitle = {NIPS},
  year = 2011
}

@incollection{Lorenz97,
   author = {Lorenz, C. and Carlsen, I. and Buzug, T. and Fassnacht, C. and Weese, J.},
   title = {A multi-scale line filter with automatic scale selection based on the Hessian matrix for medical image segmentation},
   booktitle = {Scale-Space Theory in Computer Vision},
   series = {Lecture Notes in Computer Science},
   editor = {ter Haar Romeny, Bart and Florack, Luc and Koenderink, Jan and Viergever, Max},
   publisher = {Springer Berlin / Heidelberg},
   isbn = {978-3-540-63167-5},
   keyword = {Computer Science},
   pages = {152-163},
   volume = {1252},
   year = {1997}
}

@article{Lorigo01,
  author    = {L.M. Lorigo and O.D. Faugeras and W.E.L. Grimson and R. Keriven and R. Kikinis and A. Nabavi and C.-F. Westin},
  title     = {CURVES: Curve evolution for vessel segmentation},
  journal   = {Medical Image Analysis},
  volume    = {5},
  number    = {3},
  year      = {2001},
  pages     = {195-206}
}

@inproceedings{Lucchi10,
  author = {A. Lucchi and K. Smith and A. Radhakrishna and V. Lepetit and P. Fua},
  title = {{A Fully Automated Approach to Segmentation of Irregularly Shaped Cellular Stuctures in Em Images}},
  booktitle = MICCAI,
  pages = "463--71",
  month = "September",
  year = 2010
}

@inproceedings{Lucchi11a,
  author = {A. Lucchi and Y. Li and X. Boix and K. Smith and P. Fua},
  title = {{Are Spatial and Global Constraints Really Necessary for Segmentation?}},
  booktitle = ICCV,
  year = 2011
}

@article{Lucchi11b,
  author = {A. Lucchi and K. Smith and R. Achanta and G. Knott and P. Fua},
  title = {{Supervoxel-Based Segmentation of Mitochondria in EM Image Stacks with Learned Shape Features}},
  journal = TMI,
  volume = "31",
  number = "2",
  pages = "474--486",
  year = 2011
}

@inproceedings{Lucchi12,
  author = {A. Lucchi and Y. Li and K. Smith and P. Fua},
  title = {{Structured Image Segmentation using Kernelized Features}},
  booktitle = ECCV,
  month = "October",
  year = 2012
}

%--
%M
%--

@article{MacIver00,
  author = {M. Maciver and M. Nelson},
  title = {{Body Modeling and Model-Based Tracking for Neuroethology}},
  journal = "Journal of Neuroscience Methods",
  volume = "95",
  year = 2000
}

@inproceedings{Malmberg09,
  author = {F. Malmberg and C. Ostlund and G. Borgefors},
  title = {{Binarization of Phase Contrast Volume Images of Fibrous Materials: A Case Study}},
  booktitle = {{International Conference on Computer Vision Theory and Applications (VISAPP)}},
  year = 2009
  }

@article{Mannella97,
  author = {C.A. Mannella and M. Marko and K. Buttle},
  title = {{Reconsidering Mitochondrial Structure: New Views of an Old Organelle}},
  journal = "Trends Biochem. Sci.",
  volume = "15",
  pages = "37-38",
  year = 1997
}

@article{Manniesing06,
  author    = {R. Manniesing and B.K. Velthuis and M. S. van Leeuwen and I.C. van der Schaaf and P.J. van Laar and W.J. Niessen},
  title     = {Level set based cerebral vasculature segmentation and diameter quantification in CT angiography},
  journal   = {Medical Image Analysis},
  volume    = {10},
  number    = {2},
  year      = {2006},
  pages     = {200-214}
}

@article{Markram06,
  author = {H. Markram},
  title = {{The Blue Brain Project}},
  journal = "Nature Reviews Neuroscience",
  volume = "7",
  pages = "153--160",
  year = 2006
}

@article{Marsh01,
  author = {B.J. Marsh and D.N. Mastronarde and K.F. Buttle and K.E. Howell and J.R. McIntosh},
  title = {{Organellar Relationships in the Golgi Region of the Pancreateic Beta Cell Line, HIT-T15, Visualized by High Resolution Electron Tomography}},
  journal = PNAS,
  volume = "98",
  pages = "2399-2406",
  year = 2001
}

@article{Mattson08,
  author = {M. Mattson and M. Gleichmann and A. Cheng},
  title = {{Mitochondria in Neuroplasticity and Neurological Disorders}},
  journal = "Neuron",
  volume = "60:5",
  pages = "748-766",
  year = 2008
}

@article{Maurel00,
  author = {W. Maurel and D. Thalmann},
  title = {{Human Shoulder Modeling Including Scapulo-Thoracic Constraint and Joint Sinus Cones}},
  journal = "Computers & Graphics",
  volume = "24",
  number = "2",
  year = 2000
}

@inproceedings{McIntosh06,
  author = {C. Mcintosh and G. Hamarneh},
  title = {{Vessel Crawlers: 3D Physically-Based Deformable Organisms for Vasculature Segmentation and Analysis}},
  booktitle = CVPR,
  pages = "1084--1091",
  year = 2006
}

@article{Meijeering03,
  author = {E. Meijering and M. Jacob and J.-C. F. Sarria and P. Steiner and H. Hirling and M. Unser},
  title = {{Design and Validation of a Tool for Neurite Tracing and Analysis in Fluorescence Microscopy Images}},
  journal = {Cytometry Part A},
  volume = "58A",
  number = "2",
  pages = "167--176",
  month = "April",
  year = 2004
}

@article{Meijering10,
  author = {E. Meijering},
  title = {{Neuron tracing in perspective}},
  journal = {Cytometry Part A},
  volume = "77",
  number = "7",
  pages = "693--704",
  year = 2010
}

@article{Meskers98,
  author = {C.G.M. Meskers and H.M. Vermeulen and J.H. de Groot and F.C.T. Van der Helm and P.M. Rozing},
  title = {{3D Shoulder Position Measurements Using a Six-Degree-Of-Freedom Electromagnetic Tracking Device}},
  journal = "Clinical Biomechanics",
  volume = "13",
  number = "",
  pages = "280--292",
  year = 1998
}

@article{Meskers99,
  author = {C.G.M Meskers and H. Fraterman and F.C.T. Van der Helm and H.M. Vermeulen and P.M. Rozing},
  title = {{Calibration of The"flock of Birds" Electromagnetic Tracking Device and Its Application in Shoulder Motion Studies}},
  journal = "Journal of Biomechanics",
  volume = "32",
  number = "6",
  pages = "629--633",
  year = 1999
}

@article{Mishchenko08,
  author = {Y. Mishchenko},
  title = {{Automation of 3D reconstruction of neural tissue from large volume of conventional serial section transmission electron micrographs}},
  journal = "Journal of Neuroscience Methods",
  pages = "276--289",
  volume = "176",
  number = "2",
  year = 2008
}

@article{Mishchenk10, 
title={Ultrastructural analysis of hippocampal neuropil from the connectomics perspective.}, 
volume={67},
number={6}, 
journal={Neuron},
author={Y. Mishchenko and T. Hu and J. Spacek and J. Mendenhall and K.M. Harris,
                  Kristen and D.B. Chklovskii},
year={2010},
pages={1009--1020}}

@article{Mukherjee04,
  author = {D. Mukherjee and N. Ray and S. Acton},
  title = {{Level Set Analysis for Leukocyte Detection and Tracking}},
  journal = TIP,
  volume = "13",
  number = "4",
  pages = "562--572",
  year = 2004
}

%--
%N
%--


@inproceedings{NainYT04,
  author    = {Delphine Nain and Anthony J. Yezzi and Greg Turk},
  title     = {Vessel Segmentation Using a Shape Driven Flow},
  booktitle =MICCAI,
  year      = {2004},
  pages     = {51-59}
}

@article{Narasimha09,
  author = {R. Narasimha and H. Ouyang and A. Gray and S.W. McLaughlin and S. Subramaniam},
  title = {{Automatic Joint Classification and Segmentation of Whole Cell 3D Images}},
  journal = PR,
  volume = "42",
  pages = "1067--1079",
  year = 2009
}

@article{Neumann10,
  author = {B. Neumann and et al},
  title = {{Phenotypic profiling of the human genome by time-lapse microscopy reveals cell division genes}},
  journal = "Nature",
  volume = "464",
  pages = "721-727",
  year = 2010
}

@inproceedings{Nicolau05,
  author = {S. Nicolau and X. Pennec and L. Soler and N. Ayache},
  title = {{A Complete Augmented Reality Guidance System for Liver Punctures: First Clinical Evaluation}},
  booktitle = MICCAI,
  pages = "539--547",
  month = "October",
  year = 2005
}

@article{Nguyen08,
  author = {H. Nguyen and Q. Ji},
  title = {{Shape-Driven Three-Dimensional Watersnake Segmentation of Biological Membranes in Electron Tomography}},
  journal = TMI,
  volume = "27",
  number = "5",
  pages = "616--628",
  year = 2008
}

%--
%O
%--

@article{Ophir91,
    author = {J. Ophir and I Cespedes and H. Ponnekanti and Y. Yazdi and X. Li},
    doi = {10.1016/0161-7346(91)90079-W},
    issn = {01617346},
    journal = {Ultrasonic Imaging},
    keywords = {elastography},
    month = apr,
    number = {2},
    pages = {111--134},
    title = {Elastography: A quantitative method for imaging the elasticity of biological tissues},
    volume = {13},
    year = {1991}
}


@inproceedings{Ortega06,
  author = {M. Ortega and C. Marino and M.G. Penedo and M. Blanco and F. Gonzalez},
  title = {{Biometric Authentication Using Digital Retinal Images}},
  booktitle = {Iternational Conference WESEAS on Applied Computer Science},
  pages = "422--427",
  month = "April",
  year = 2006
}

%--
%P
%--

@article{Padfield09,
author = "D.Padfield and J. Rittscher and N. Thomas and B. Roysam",
title = "Spatio-Temporal Cell Cycle Phase Analysis Using Level Sets and Fast Marching Methods",
journal = "Medical Image Analysis",
volume = "13",
number = "1",
pages = "143 - 155",
year = "2009"
}

@inproceedings{Park97,
  author = {J.S. Park and J.M. Keller},
  title = {{Fuzzy Patch Label Relaxation in Bone Marrow Segmentation}},
  booktitle = "IEEE Conference on Computational Cybernetics and Simulation",
  year = 1997
}

@inproceedings{Patasius09,
  author = {M. Patasius and V. Marozas and D. Jegelevicius and A. Luko≈°eviƒçius},
  title = {{Ranking of Color Space Components for Detection of Blood Vessels in Eye Fundus Images}},
  booktitle = {European Conference of the International Federation for Medical and Biological Engineering},
  pages = "464--467",
  year = 2009
}

@article{Peng10,
  author = {H. Peng and Z. Ruan and F. Long and J.H. Simpson and E.W. Myers},
  title = {{V3D Enables Real-Time 3D Visualization and Quantitative Analysis of Large-Scale Biological Image Data Sets}},
  journal = "Nature Biotechnology",
  volume = "28",
  number = "4",
  pages = "348--353",
  year = 2010
}

@article{Peng11,
  author = {P. Hanchuan, F. Long, G. Myers},
  title = {{Automatic 3D neuron tracing using all-path pruning}},
  journal = "Bioinformatics",
  volume = "27",
  number = "13",
  pages = "239--247",
  year = 2011
}

@article{Perez02,
  author = {M.E. Martinez-Perez and A.D. Highes and A.V. Stanton and S.A. Thorn and N. Chapman and A.A. Bharath and K.H. Parker},
  title = {{Retinal Vascular Tree Morphology: a Semi-Automatic Quantification}},
  journal = TBME,
  volume = "49",
  number = "8",
  pages = "912--917",
  month = "August",
  year = 2002
}

@inproceedings{Perez-Rovira08,
  author = {A. Perez-Rovira and E. Trucco},
  title = {{Robust Optic Disc Location Via Combination of Weak Detectors}},
  booktitle = {Engineering in Medicine and Biology Society Conference},
  pages = "3542--3545",
  month = "August",
  year = 2008
}

@article{Pertz08,
  author = {O. Pertz and et al},
  title = {{Spatial Mapping of the Neurite and Soma Proteomes Reveals a Functional Cdc42/Rac Regulatory Network}},
  journal = "Proc. Natl. Acad. Sci.",
  volume = "105",
  number = "", 
  pages = "1931-1936",
  year = 2008
}

@article{Pluim03,
  author = {J. P. W. Pluim and J. B. A. Maintz and M. A. Viergever},
  title = {{Mutual Information Based Registration of Medical Images: A Survey}},
  journal = TMI,
  volume = "22",
  number = "8",
  pages = "986--1004",
  year = 2003
}


@article{Poole08,
  author = {A. Poole and R. Thomas and L. Andrews and H. McBride and A. Whitworth and L. Pallanck},
  title = {{The PINK1/Parkin Pathway Regulates Mitochondrial Morphology}},
  journal = "Proceedings of the National Academy of Sciences of the United States of America",
  volume = "105",
  number = "5",
  pages = "1638-43",
  year = 2008 
}

@article{Pool08,
  author = {M. Pool and J. Thiemann and A. Bar-Or and A. E. Fournier},
  title = {{NeuriteTracer: A novel ImageJ plugin for automated quantification of neurite outgrowth}},
  journal = "Journal of Neuroscience Methods",
  volume = "168",
  number = "1",
  pages = "134--139",
  year = 2008 
}

%--
%R
%--

@article{Rand71,
  author = {W. Rand},
  title = {{Objective Criteria for the Evaluation of Clustering Methods}},
  journal = "Journal of the American Statistical Association",
  volume = "66",
  number = "336",
  pages = "846-850",
  year = 1971
  }

@article{Schmid10,
  author = {Schmid, Benjamin and Schindelin, Johannes and Cardona, Albert and Longair, Mark and Heisenberg, Martin},
  title = {A high-level 3{D} visualization {API} for {J}ava and {ImageJ}},
  journal = {BMC Bioinformatics},
  volume = {11},
  year = {2010},
  pages = {274},
}

@inproceedings{Vazquez-Reina09,
  author = {A. Vazquez-Reina and E. Miller and H. Pfister},
  title = {{Multiphase Geometric Couplings for the Segmentation of Neuronal Processes}},
  booktitle = CVPR,
  year = 2009,
  pages = {2020-2027}
}

@inproceedings{Vazquez-Reina11,
  author = {A. Vazquez-Reina and M. Gelbart and D. Huang and J. Lichtman and E. Miller and H. Pfister},
  title = {{Segmentation Fusion for Connectomics}},
  booktitle = ICCV,
  year = 2011
}

@article{Rodriguez03,
  author = {A. Rodriguez and D. Ehlenberger and K. Kelliher and M. Einstein and S.C. Henderson and J.H. Morrison and P.R. Hof and S.L. Wearne},
  title = {{Automated Reconstruction of Three-Dimensional Neuronal Morphology from Laser Scanning Microscopy Images}},
  journal = "Methods",
  volume = "30",
  number = "1",
  pages = "94--105",
  year = 2003
}

@article{Rodriguez06,
  author = {A. Rodriguez and D. Ehlenberger and P.R. Hof and S.L. Wearne},
  title = {{Rayburst sampling, an algorithm for automated three-dimensional shape analysis from laser scanning microscopy images}},
  journal = "Nature protocols",
  volume = "1",
  number = "1",
  pages = "2152--2161",
  year = 2006
}


@article{Rodriguez09,
  author = {A. Rodriguez and D.B. Ehlenberger and P.R. Hof and S.L. Wearne},
  title = {{Three-Dimensional Neuron Tracing by Voxel Scooping}},
  journal = "Journal of Neuroscience Methods",
  volume = "184",
  number = "1",
  pages = "169--175",
  year = 2009
}

@inproceedings{Rouchdy08,
  author = {Y. Rouchdy and L.D. Cohen},
  title = {{Image Segmentation by Geodesic Voting. Application to the Extraction of Tree Structures from Confocal Microscope Images}},
  booktitle = ICPR,
  pages = "1--5",
  month = "December",
  year = 2008
}

%--
%S
%--

@inproceedings{Santamaria-Pang06,
  author = {A. Santamar\'{\i}a-Pang and T.S. Bildea and C. M. Colbert and P. Saggau and I.A. Kakadiaris},
  title = {{Towards segmentation of irregular tubular structures in 3D confocal microscopeimages}},
  booktitle ={MICCAI Workshop in Microscopic Image Analysis and Applications in Biology (MIAAB)},
  year = 2006
}

@inproceedings{Santamaria-Pang07,
  author = {A. Santamar\'{\i}a-Pang and C. M. Colbert and P. Saggau and I.A. Kakadiaris},
  title = {{Automatic Centerline Extraction of Irregular Tubular Structures Using Probability Volumes from Multiphoton Imaging}},
  booktitle = MICCAI,
  pages = "486--494",
  year = 2007
}

@article{Sato98,
  author = {Y. Sato and S. Nakajima and H. Atsumi and T. Koller and G. Gerig and S. Yoshida and R. Kikinis},
  title = {{3D Multi-Scale Line Filter for Segmentation and Visualization of Curvilinear Structures in Medical Images}},
  journal = "{Medical Image Analysis}",
  volume = "2",
  pages = "143--168",
  month = "June",
  year = 1998
}

@inproceedings{Sato00,
  author = {M. Sato and I. Bitter and M.A. Bender and A.E. Kaufman and M. Nakajima},
  title = {{Teasar: Tree-Structure Extraction Algorithm for Accurate and Robust Skeletons}},
  booktitle = {Pacific Conference on Computer Graphics and Applications},
  year = 2000
}

@article{Schaap09,
  author = {M. Schaap and C.T. Metz and T. van Walsum and A.G. Van der Giessen and A.C.
     Weustink and N.R.A. Mollet and C. Bauer and H. Bogunovi and C. Castro and X.
     Deng and E. Dikici and T. O'Donnell and M. Frenay and O. Friman and M.
     Hernandez Hoyos and P.H. Kitslaar and K. Krissian and C. Kuhnel and M. A.
     Luengo-Oroz and M. Orkisz and O. Smedby and M. Styner and A. Szymczak and H. Tek
     and C. Wang and S. K. Warfield and S. Zambal and Y. Zhang and G.P. Krestin and
     W.J. Niessen},
  journal = {Medical Image Analysis},
  year = {2009},
  pages = {701-714},
  title = {Standardized Evaluation Methodology and Reference Database for Evaluating
     Coronary Artery Centerline Extraction Algorithms},
  volume = {13/5}
}


@article{Schmitt04,
  author = {S. Schmitt and J.-F. Evers and C. Duch and M. Scholz and K. Obermayer},
  title = {{New Methods for the Computer-Assisted 3D Reconstruction of Neurons from Confocal Image Stacks}},
  journal = "NeuroImage",
  volume = "23",
  pages = "1283--1298",
  year = 2004
}

@article{Scorcioni08,
  author = {Ruggero Scorcioni and Sridevi Polavaram and Giorgio A Ascoli},
  title = {{L-Measure: a web-accessible tool for the analysis, comparison and search of digital reconstructions of neuronal morphologies}},
  journal = "Nature Protocols",
  volume = "3",
  pages = "866 - 876",
  year = 2008
}

@article{Shen01,
  author = {H. Shen and  B. Roysam and C. V. Stewart  and J. N. Turner  and H. L. Tanenbaum},
  title = {{Optimal Scheduling of Tracing Computations for Real-Time Vascular Landmark Extraction from Retinal Fundus Images}},
  journal = TITB,
  volume = "5",
  number = "1",
  pages = "77--91",
  year = 2001
}

@article{Scorrano10,
  author = {S. Campello and L. Scorrano},
  title = {{Mitochondrial shape changes: Orchestrating cell pathophysiology}},
  journal = "EMBO Reports",
  volume = "11",
  number = "9",
  pages = "678-84",
  year = 2010
}

@inproceedings{Smereka06,
  author = {M. Smereka and G. Glab},
  title = {{Detection of Pathological Cells in Phase Contrast Cytological Images}},
  booktitle = "Advanced Concepts for Intelligent Vision Systems",
  year = 2006
}

@inproceedings{Socher08,
  author = {R. Socher and A. Barbu and D. Comaniciu},
  title = {{A Learning-based Hierarchical Model for Vessel Segmentation}},
  booktitle = {IEEE Symposium on Biomedical Imaging: From Nano to Macro},
  year = 2008
}

@inproceedings{Sommer10,
  author = {C. Sommer and C. Straehle and U. Koethe and F. Hamprecht},
  title = {{Interactive Learning and Segmentation Tool Kit}},
  booktitle = "Systems Biology of Human Disease",
  pages = "230--33",
  year = 2010
}

@article{Sonnichsen05,
  author = {B. Sonnichsen and et.~al},
  title = {{Full-genome RNAi profiling of early embryogenesis in Caenorhabditis elegans}},
  journal = "Nature",
  volume = "434",
  pages = "462-469", 
  year = 2005
}

@article{Staal04,
  author = {J.J. Staal and M.D. Abramoff and M. Niemeijer and M.A. Viergever and B. van Ginneken},
  title = {{Ridge Based Vessel Segmentation in Color Images of the Retina}},
  journal = TMI,
  volume = "23",
  pages = "501--509",
  year = 2004
}

@article{Stephens03,
  author = {D. J.  Stephens and V. J. Allan},
  title = {{Light Microscopy Techniques for Live Cell Imaging.}},
  journal = {Science},
  volume = "300",
  number = "5616",
  pages = "82--86",
  month = "April",
  year = 2003
}

@article{Streekstra02,
  author = {G.J. Streekstra and J. van Pelt},
  title = {{Analysis of Tubular Structures in Three-Dimensional Confocal Images}},
  journal = "Network: Computation in Neural Systems",
  volume = "13",
  number = "3",
  pages = "381--395",
  month = "August",
  year = 2002
}

@inproceedings{Sun07,
  author = {K.Q. Sun and N. Sang and T.X. Zhang},
  title = {{Marked Point Process for Vascular Tree Extraction on Angiogram}},
  booktitle = CVPR,
  pages = "467--478",
  year = 2007
}

@inproceedings{Sznitman12a,
  author = {R. Sznitman and A. Lucchi and N. Pjescic and G. Knott and P. Fua},
  title =  {{Efficient Scanning for EM Based Target Localization}},
  booktitle = MICCAI,
  month = "September",
  year = 2012
}

@inproceedings{Sznitman12b,
  author = {R. Sznitman and K. Ali and R. Richa and R. Taylor and G. Hager and P. Fua},
  title = {{Data-Driven Visual Tracking in Retinal Microsurgery}},
  booktitle = MICCAI,
  month = "September",
  year = 2012
}

@article{Szymczak06,
  author = {A. Szymczak and A. Stillman and A. Tannenbaum and K. Mischaikow},
  title = {{Coronary Vessel Trees from 3D Imagery: a Topological Approach}},
  journal = "Medical Image Analysis",
  month = 08,
  year = 2006
}

%--
%T
%--

@inproceedings{Tasdizen05,
  author = { T. Tasdizen and R. Whitaker and R. Marc and B. Jones},
  title = {{ Enhancement of Cell Boundaries in Transmission Electron Microscopy Images}},
  booktitle = ICIP,
  year = 2005
}

@article{Thevenaz09,
  author = {P. Th\'evenaz and R. Delgado-Gonzalo and M. Unser},
  title = {{The Ovuscule}},
  journal = {PAMI, to appear},
  year = 2010
}

@inproceedings{Tombre99,
  author = {K. Tombre and C. Ah-Soon and P. Dosch and G. Masini and S. Tabbone},
  title = {{Stable and Robust Vectorization: How to Make the Right Choices}},
  booktitle = {GREC},
  pages = "3--18",
  year = 1999
}

@article { Zhao11,
      author = "T. Zhao and J. Xie and F. Amat and N. Clack and P. Ahammad and H. Peng and F. Long and E. Myers",
      title = "Automated Reconstruction of Neuronal Morphology Based on Local Geometrical and Global Structural Models",
      journal = "Neuroinformatics",
      month = "May",
      year = 2011,
      pages = "247--261",
      volume = "9"
}

@article{Trachtenberg02,
  author = {J.T. Trachtenberg and B.E. Chen and G.W. Knott and G. Feng and J.R. Sanes and E. Welker and K Svoboda},
  title = {{Long-Term in Vivo Imaging of Experience-Dependent Synaptic Plasticity in Adult Cortex}},
  journal = {Nature},
  volume = "420",
  year = 2002
}

@article{Turaga10,
  author = {S.C. Turaga and J.F. Murray and V. Jain and F. Roth and M. Helmstaedter and K. Briggman and W. Denk and H.S. Seung},
  title = {{Convolutional Networks can Learn to Generate Affinity Graphs for Image Segmentation}},
  journal = "Neural Computation",
  volume = "22",
  pages = "511-538", 
  year = 2010
}

@article{Tyrrell07,
  author = {J.A. Tyrrell and E. di Tomaso and D. Fuja and R. Tong and K. Kozak and R.K. Jain and B. Roysam},
  title = {{Robust 3D Modeling of Vasculature Imagery Using Superellipsoids}},
  journal = "Medical Imaging",
  volume = "26",
  number = "2",
  pages = "223--237",
  month = "February",
  year = 2007
}

%--
%U
%--

@inproceedings{Urban06,
  author = {S. Urban and S.M. O'Malley and B. Walsh and A. Santamar\'{\i}a-Pang and P. Saggau and C. Colbert and I.A. Kakadiaris},
  title = {{Automatic Reconstruction of Dendrite Morphology from Optical Section Stacks}},
  booktitle = {CVAMIA},
  pages = "190--201",
  year = 2006
}

%--
%V
%--

@misc{Vakhum,
  author = {European Commission / IST},
  title = {{Virtual Animation of the Kinematics of the Human for Industrial, Educational and Research Purposes}},
  year = 1999
}

@article{Vanderhelm95,
  author = {F.C.T. Van der Helm and G.M. Pronk},
  title = {{Three-Dimensional Recording and Description of Motions of the Shoulder Mechanism}},
  journal = "Journal of Biomechanical Engineering",
  volume = "117",
  number = "1",
  pages = "27--40",
  year = 1995
}

@inproceedings{Vanderhelm97,
  author = {F.C.T. Van der Helm},
  title = {{A Standardized Protocol for Motion Recordings of the Shoulder}},
  booktitle = "Conference of the International Shoulder Group",
  year = 1997
}

@article{Vasilkoski09,
  author = {Z. Vasilkoski and A. Stepanyants},
  title = {{Detection of the Optimal Neuron Traces in Confocal Microscopy Images}},
  journal = "Journal of Neuroscience Methods",
  volume = "178",
  number = "1",
  pages = "197--204",
  year = 2009
}


@inproceedings{Vazquez98,
  author = {L. Vazquez and G. Sapiro and G. Randall},
  title = {{Segmenting Neurons in Electronic Microscopy via Geometric Tracing}},
  booktitle = ICIP,
  year = 1998
}

@article{Veldpaus88,
  author = {F.E. Veldpaus and H.J. Woltring and L.J.G.M. Dortmans},
  title = {{A Least-Squares Algorithm for the Equiform Transformation from Spatial Marker Co-Ordinates}},
  journal = "Journal of Biomechanics",
  volume = "1",
  number = "21",
  pages = "45--54",
  year = 1988
}

@inproceedings{Veeraraghavan10,
  author = {Ashok Veeraraghavan and Alex Genkin and Shiv Vitaladevuni and Lou Scheffer and Shan Xu and Harald Hess and Richard Fetter and Marco Cantoni and Graham Knott and Dmitri Chklovskii},
  title = {{Increasing Depth Resolution of Electron Microscopy of Neural Circuits using Sparse Tomographic Reconstruction}},
  booktitle = CVPR,
  pages = "1767-1774",
  year = 2010
}

@inproceedings{Venkataraju09,
  author = {K.U. Venkataraju and A Paiva and E. Jurrus and T. Tasdizen},
  title = {{Automatic Markup of Neural Cell Membranes using Boosted Decision Stumps}},
  booktitle = {IEEE Symposium on Biomedical Imaging: From Nano to Macro},
  pages = "1039--42",
  year = 2009
}

@article{Vinje00,
author = {W. E. Vinje and J. L. Gallant},
journal = SCIENCE,
title = {{Sparse Coding and Decorrelation in Primary Visual Cortex During Natural Vision}},
year = {2000},
}

@misc{Virtual-hospital,
  author = {University of Iowa, USA},
  title = {{Virtual Hospital}},
  year = 1992
}

@inproceedings{Vitaladevuni08,
  author = {S.N. Vitaladevuni and Y. Mishchenko and A. Genkin and D. Chklovskii and Kristen Harris},
  title = {{Mitochondria Detection in Electron Microscopy Images}},
  booktitle = {Workshop on Microscopic Image Analysis with Applications in Biology},
  year = 2008
}

@inproceedings{Vitaladevuni10,
  author = {S.N. Vitaladevuni and R. Basri},
  title = {{Co-clustering of Image Segments Using Convex Optimization Applied to EM Neuronal Reconstruction}},
  booktitle = CVPR,
  year = 2010
}

@inproceedings{Vu08,
  author = {{N. Vu} and {B. Manjunath}},
  title = {{Graph {C}ut {S}egmentation of {N}euronal {S}tructures from {T}ransmission {E}lectron {M}icrographs}},
  booktitle = ICIP,
  pages = "725--728",
  year = 2008
}

%--
%W
%--

@article{Wang98,
  author = {X. Wang and M. Maurin and F. Mazet and N. De Castro Maia and K. Voinot and J.P. Verriest and M. Fayet},
  title = {{Three-Dimensional Modelling of the Motion Range of Axial Rotation of the Upper Arm}},
  journal = "Journal of Biomechanics",
  volume = "31",
  number = "10",
  pages = "899--908",
  year = 1998
}

@article{Wang02b,
  author = {Y . Wang and A. Gupta and M. Toledo-Rodriguez and CZ. Wu and H. Markram},
  title = {{Anatomical, Physiological, Molecular and Circuit Properties of Nest Basket Cells in the Developing Somatosensory Cortex}},
  journal = {Cereb Cortex},
  volume = "12",
  number = "4",
  pages = "395--410",
  month = "April",
  year = 2002
}

@article{Wang04,
  author = {Y . Wang and M. Toledo-Rodriguez and A. Gupta and C. Wu and G. Silberberg and J. Luo and H. Markram},
  title = {{Anatomical, Physiological and Molecular Properties of Martinotti Cells in the Somatosensory Cortex of the Juvenile Rat}},
  journal = {Journal of Physiology},
  volume = "15",
  number = "561",
  pages = "65--90",
  month = "November",
  year = 2004
}

@article{Wang11,
  title = {A broadly applicable 3-d neuron tracing method based on open-curve snake},
  author = {{Y. Wang and A. Narayanaswamy and C. Tsai, and B. Roysam}},
  journal = {Neuroinformatics},
  volume = 9,
  number = {2-3},
  pages = {193--217},
  year = 2011,
}

@inproceedings{Wang11b,
  author = {Y. Wang and A. Narayanaswamy and B. Roysam},
  title = {{Novel 4-D Open-Curve Active Contour and curve completion approach for automated tree structure extraction}},
  booktitle = CVPR,
  pages = {1105--1112},
  year = 2011,
}


@article{Wearne05,
  author = {S.L. Wearne and A. Rodriguez and D.B. Ehlenberger and A.B. Rocher and S.C. Henderson and P.R. Hof},
  title = {{New Techniques for Imaging, Digitization and Analysis of Three-Dimensional Neural Morphology on Multiple Scales}},
  journal = "Neuroscience",
  volume = "136",
  number = "3",
  pages = "661--680",
  year = 2005
}

@article{Weaver04,
  author = {C.M. Weaver  and  P.R. Hof and S.L. Wearne  and L.W. Brent},
  title = {{Automated Algorithms for Multiscale Morphometry of Neuronal Dendrites}},
  journal = {Neural Computation},
  volume = "16",
  number = "7",
  pages = {1353--1383},
  year = 2004
}

@article{Weinberg00,
  author = {A.M. Weinberg and I.T. Pietsch and M.B. Helm and J. Hesselbach and H. Tscherne},
  title = {{A New Kinematic Model of Pro- and Supination of the Human Forearm}},
  journal = "Journal of Biomechanics",
  volume = "33",
  number = "4",
  pages = "487--491",
  year = 2000
}

@article{Wells96,
  author = {W.M. Wells and P. Viola and H. Atsumi and S. Nakajima and R. Kininis},
  title = {{Multi-Modal Volume Registration by Maximization of Mutual Information}},
  journal = "Medical Image Analysis",
  year = 1996
}

@article{Wonho99,
  author = {Wonho Oh and W. Brent Lindquist},
  title = {{Image Thresholding by Indicator Kriging}},
  journal = PAMI,
  volume = "21",
  number = "7",
  pages = "590--602",
  year = 1999
}

%--
%X
%--

@inproceedings{Xie10,
  author = {J. Xie and T. Zhao and T. Lee and G. Myers and H. Peng},
  title = {{Automatic Neuron Tracing in Volumetric Microscopy Images with Anisotropic Path Searching}},
  booktitle = MICCAI,
  month = "September",
  year = 2010
}

@article{Xu09,
  author = {J. Xu and J. Wu and D. Feng and Z. Cui},
  title = {{Dsa Image Blood Vessel Skeleton Extraction Based on Anti-Concentration Diffusion and Level Set Method}},
  journal = {Computational Intelligence and Intelligent Systems},
  volume = "51",
  pages = "188--198",
  year = 2009
}

%--
%Y
%--


@inproceedings{Yang09,
  author = {H. Yang and Y. Choe},
  title = {{3D Volume Extraction of Densely Packed Cells in EM Data Stack by Forward and Backward Graph Cuts}},
  booktitle = ISBI,
  year = 2009
}


@inproceedings{Yedidya08,
  author = {T. Yedidya and R. Hartley},
  title = {{Tracking of Blood Vessels in Retinal Images Using Kalman Filter}},
  booktitle = DICTA,
  pages = "52--58",
  year = 2008
}

%--
%Z
%--

@article{Zana99,
  author = {F. Zana and J.C. Klein},
  title = {{A Multimodal Registration Algorithm of Eye Fundus Images Using Vessels Detection and Hough Transform}},
  journal = TMI,
  volume = "18",
  number = "5",
  pages = "419--428",
  month = "May",
  year = 1999
}

@inproceedings{Zhou08,
  author = {W. Zhou and H. Li and X. Zhou},
  title = {{3D Dendrite Reconstruction and Spine Identification}},
  booktitle = MICCAI,
  pages = "18--26",
  year = 2008
}

@article{Zhu05,
  author = {C. Zhu and et.~al},
  title = {{Functional analysis of human microtubule-based motor proteins, the kinesins and dyneins, in mitosis/cytokinesis using RNA interference}},
  journal = "Cell",
  volume = "16",
  pages = "3187-3199",
  year = 2005
}

@article{Zimmer02,
  author = {C. Zimmer and E. Labruyerea and V. Meas-Yedid and N. Guillen and J.C. Olivo-Mari},
  title = {{Segmentation and Tracking of Migrating Cells in Videomicroscopy With Parametric Active Contours: a Tool for Cell-Based Drug Testing}},
  journal = TMI,
  volume = "21",
  pages = "1212--1221",
  year = 2002
}

@article{DeFelipe99,
  title={Estimation of the number of synapses in the cerebral cortex: methodological considerations},
  author={DeFelipe, J. and Marco, P. and Busturia, I. and Merch{\'a}n-P{\'e}rez, A.},
  journal={Cerebral Cortex},
  volume={9},
  number={7},
  pages={722--732},
  year={1999},
  publisher={Oxford University Press}
}
