%--
%A
%--

@misc{Amira,
  title = {{Amira}},
  author={Visage Imaging GmbH},
  note = {http://www.amira.com},
  year = 2011
}

@misc{APIDIS,
  title = {{European Project Fp7-Ict-216023 Apidis}},
  note = {\url{"www.apidis.org"}},
  year = "2008--2010"
}

@misc{ARMNEON,
  author = {ARM},
  title = {{Realview Compilation Tools}},
  year = 2010
}

@misc{ART,
  author = {Advanced Realtime Tracking GmbH},
  url = {http://www.ar-tracking.de}
}

@misc{ARToolKit,
  title = {{Artoolkit}},
  note = {http://www.hitl.washington.edu/artoolkit/}
}

@misc{Apidis,
  title = {{European Project Fp7-Ict-216023 Apidis}},
  note = {\url{http://www.apidis.org}},
  year = "2008--2010"
}

@misc{Ascension,
  title = {{Ascension Motionstar Magnetic Motion Capture System.}},
  note = {Burlington, VT, USA. http://www.ascension-tech.com/}
}

%--
%B
%--

@misc{Bazar,
  author = {V. Lepetit and J. Pilet and A. Geiger and A. Mazzoni and M. Oezuysal and P. Fua},
  title = {{Bazar Library}},
  note = {\url{http://cvlab.epfl.ch/software/}}
}

@techreport{Bilmes98,
  author = {J. Bilmes},
  title = {{A Gentle Tutorial on the Em Algorithm and Its Application to Parameter Estimation for Gaussian Mixture and Hidden Markov Models}},
  month = "April",
  year = 1998
}

@misc{Boujou,
  title = {{Vicon: Boujou}}
}

%--
%C
%--

@misc{Calib,
  title = {{A Flexible New Technique for Camera Calibration}},
  note = {http://research.microsoft.com/~zhang/Calib}
}

@misc{CalibToolbox,
  author = {Jean-Yves Bouguet},
  title = {{Camera Calibration Toolbox for Matlab}},
  note = {http://www.vision.caltech.edu/bouguetj/calib\\\\\\_doc/}
}

@misc{Cfsqp,
  author = {C. Lawrence and J.L. Zhou and A.L. Tits},
  title = {{User's Guide for Cfsqp Version 2.5: a C Code for Solving (large Scale) Constrained Nonlinear (minimax) Optimization Problems, Generating Iterates Satisfying All Inequality Constraints}},
  url = {citeseer.ist.psu.edu/341929.html}
}

@book{Cholmod,
  author = {T. A. Davis},
  title = {{Direct Methods for Sparse Linear Systems}},
  publisher = {SIAM, Philadelphia},
  year = 2006
}

@misc{CMU,
  key   = "CMU",
  title = {{CMU Graphics Lab Motion Capture Database}},
  year  = 2010,
  note  = { http://mocap.cs.cmu.edu/}
}

@misc{Cvlabware,
  title = {{Cvlab Software}},
  note = {\url{http://cvlab.epfl.ch/software/}}
}

%--
%D
%--

@misc{Daisy08,
  author = {E. Tola},
  title = {{Daisy Code - http://cvlab.epfl.ch/software}},
  year = 2008
}

@misc{Diadem10,
  author = {G. A. Ascoli and K. Svoboda and Y. Liu},
  title = {{Digital Reconstruction of Axonal and Dendritic Morphology Diadem Challenge}},
  note = {http://diademchallenge.org/},
  year = 2010
}

@misc{Digiclops,
  title = {{Digiclops Stereo Vision Camera System}},
  note = {Point Grey Research Inc., Vancouver, Canada. http://www.ptgrey.com/products/digiclops/}
}

@article{Driad10,
author = "R. Driad and R. LÃ¶sch and F. Benkhelifa and M. Kuri and J. Rosenzweig",
title = "Crystallographic Orientation Effects on the Performance of InP-based Heterojunction Bipolar Transistors",
journal = "Solid-State Electronics",
volume = "54",
number = "11",
pages = "1343 - 1348",
year = "2010"
}
%--
%E
%--

@misc{EarthMoverDistance,
  title = {{Cvonline}}
}

@misc{Eyetronics,
  author = {EyeTronics},
  title = {{Shapesnatcher}},
  year = 2001
}

%--
%F
%--

@Article{Fiji10,
  author = 	 {B. Schmid and J. Schindelin and A. Cardona and M. Longair and M. Heisenberg},
  title = 	 {A High-Level 3D Visualization API for Java and ImageJ},
  journal = 	 {BMC Bioinformatics},
  year = 	 {2010},
  volume = 	 {11},
  number = 	 {274}
}

@misc{Flickr,
  author = {Flickr},
  title  = {{Community Photo Collection}},
  note   = {\url{http://flickr.com/}}
}

@misc{Fibics,
  key   = "Fibics",
  title = {Fibics},
  note  = {\url{http://www.fibics.com}},
  year  = 2012
}

@patent{Fua12,
 author = {P. Fua and G. Knott and R. Sznitman and A. Lucchi},
 title  = {{Efficient Scanning for EM Based Target Localization}},
 year   = 2012,
 note   = "Application No. 13/535,497, US Patent Pending"
}

%--
%G
%--

@misc{GPLVM,
  title = {{Gp-Lvm Software}},
  note = {http://www.cs.man.ac.uk/~neill/gplvmcpp/}
}

@techreport{GLU94,
  author = {R. Jagannathan and C. Dodd},
  title = {{Glu Programmer's Guide}},
  type = {Tech Note SRI-CSL-94-06},
  institution = {SRI},
  month = "July",
  year = 1994
}

@misc{GSL,
  title = {{The Gnu Scientific Library}},
  note = {http://www.gnu.org/software/gsl/}
}

@misc{GeoNames,
  title = {{Geographical Database}},
  note = {\url{http://www.geonames.org/}}
}

@misc{Gonzalez11,
  author = {G. Gonzalez and F. Benmansour and E. Turetken and P. Fua},
  title = {{Rotational Filters - http://cvlab.epfl.ch/software/rtf}},
  year = 2011,
  note = "The link will be activated when the paper is accepted."
}

@misc{Glpk,
  author = {A. Makhorin},
  title = {{Glpk- Gnu Linear Programming Kit}},
  note = {\url{http://www.gnu.org/software/glpk/}},
  year = 2008
}

@inproceedings{Green99,
  author = {P.J. Green},
  title = {{Markov Chain Monte Carlo in Action: a Tutorial}},
  booktitle = {52nd Bulletin of the International Statistical Institute},
  year = 1999
}

@misc{Gurobi,
  title = {{Gurobi Optimizer}},
  note = {http://www.gurobi.com/}
}

%--
%H
%--

@misc{Hanim,
  title = {{Humanoid Animation Working Group}},
  note = {http://www.h-anim.org/},
  year = 2005
}

@misc{Hansen10,
  author = {N. Hansen},
  title = {{The Cma Evolution Strategy: a Tutorial}},
  note = {http://www.lri.fr/~hansen/cmatutorial.pdf},
  year = 2010
}

@misc{Hydroptere,
  title = {{Hydroptere}},
  note = {http://www.hydroptere.com/}
}

%--
%I
%--

@misc{ImageModeler,
  title = {{Autodesk: Autodesk Imagemodeler}}
}

@misc{Imaris,
  title = {{Imaris: 3D and 4d Real-Time Interactive Image Visualization}},
  note = {http://www.bitplane.com/go/products/imaris/},
  year = 2009
}

@misc{Intel07,
  author = {Intel},
  title = {{Sse4 Programming Reference: Software.intel.com/file/18187.}},
  month = "April",
  year = 2007
}

@manual{ITK,
  author = {L. Ibanez and W. Schroeder and L. Ng and J. Cates},
  title = {{The Itk Software Guide. http://www.itk.org/ItkSoftwareGuide.pdf}},
  year = 2005
}

%--
%K
%--

@misc{Kinect10,
  author = {Microsoft},
  title = {{Kinect Camera}},
  note = {http://www.xbox.com:80/en-US/kinect/},
  year = 2010
}

%--
%L
%--

@misc{Levmar,
  author = {M. Lourakis},
  title = {{Levmar : Levenberg-Marquardt Nonlinear Least Squares Algorithms in C/c++}},
  note = {http://www.ics.forth.gr/~lourakis/levmar/},
  year = 2009
}

@misc{Locr,
  author = {Locr},
  title = {{Community Photo Collection}},
  note = {\url{http://locr.com/}}
}

%--
%M
%--

@misc{MOSEK,
  title = {{The Mosek Optimization Tools}},
  note = {http://www.mosek.com/},
  year = 2010
}

@misc{MVN,
  title = {{Xsens Mvn Interial Motion Capture System.}},
  note = {Xsens, Enschede, The Netherlands. http://www.xsens.com/}
}

@misc{MatchMover,
  title = {{Autodesk: Autodesk Matchmover}}
}

@misc{MetaMorph,
  title = {{Metamorph, Molecular Devices}},
  note = {http://www.moleculardevices.com/pages/software/metamorph.html},
  year = 2009
}

@misc{MetaMotion,
  title = {{Meta Motion Electro-Mechanical Motion Capture.}},
  note = {Meta Motion, San Francisco, CA, USA. http://www.metamotion.com/}
}

@misc{MotionAnalysis,
  title = {{Motion Analysis Motion Capture Systems.}},
  note = {Santa Rosa, CA, USA. http://www.motionanalysis.com/}
}

%--
%N
%--

@misc{Navteq,
  title = {{Navteq Map Provider}},
  note = {\url{http://www.navteq.com/}},
  year = 2009
}

@misc{Neurolucida,
  title = {{Neurolucida: Microscope Systems for Stereology and Neuron Morphology}},
  author={MBF Bioscience},
  note = {http://www.mbfbioscience.com/neurolucida/},
  year = 2009
}

@misc{NokiaImageSpace,
  author = {Nokia},
  title = {{Nokia Image Space}},
  note = {\url{http://betalabs.nokia.com/apps/nokia-image-space}},
  year = 2010
}

%--
%O
%--

@misc{OpenCV,
  title = {{Open Source Computer Vision Library}},
  note = {http://www.intel.com/technology/computing/opencv/}
}

@misc{OpenGL,
  title = {{Opengl}},
  note = {http://www.opengl.org/}
}

@misc{OpenStreetMap,
  title = {{Openstreetmap, the Free Wiki World Map}},
  note = {\url{http://www.openstreetmap.org/}}
}

@misc{OrganicMotion,
  author = {O. Motion},
  title = {{Markerless Motion Capture}},
  note = {http://www.organicmotion.com/}
}

%--
%P
%--

@misc{PhaseSpace,
  title = {{Impulse Motion Capture System, Phase Space.}},
  note = {San Leandro, CA, USA. http://www.phasespace.com/}
}

@misc{Photosynth08,
  author = {N. Snavely and S. Seitz and R. Szeliski},
  title = {{Photosynth}},
  note = {\url{http://livelabs.com/photosynth/}},
  year = 2008
}

@misc{Physilog,
  title = {{Physilog, a Portable Datalogger for Long Term Recording. Lmam, Epfl, Switzerland.}},
  note = {http://lmam.epfl.ch/page2842.html}
}

@misc{Polhemus,
  title = {{Polhemus Liberty Electromagnetic Tracker}},
  note = {Polhemus, Colchester, VT, USA. http://www.polhemus.com/}
}

@misc{Pom,
  author = {J. Berclaz and F. Fleuret and P. Fua},
  title = {{Pom: Probabilistic Occupancy Map}},
  note = {\url{http://cvlab.epfl.ch/software/pom/index.php}},
  year = 2007
}

@misc{Povray,
  title = {{Persistence of Vision Raytracer}},
  note = {http://www.povray.org/}
}

@inproceedings{Powell64,
  author = {M. J. D. Powell},
  title = {{An Efficient Method for Finding the Minimum of a Function of Several Variables Without Calculating Derivations}},
  booktitle = {Computer Journal},
  pages = "155--162",
  year = 1964
}

@misc{PtGrey,
  title = {{Firewire Cameras}},
  note = {Point Grey Research Inc., Vancouver, Canada. http://www.ptgrey.com/products/imaging.html}
}

%--
%R
%--

@inproceedings{Rabiner89,
  author = {L. R. Rabiner},
  title = {{A Tutorial on Hidden Markov Models and Selected Applications in Speech Recognition}},
  booktitle = {IEEE},
  pages = "257--286",
  year = 1989
}

@techreport{Rakesh96,
  author = {R. Dugad and U.B. Desai},
  title = {{A Tutorial on Hidden Markov Models}},
  month = "May",
  year = 1996
}

%--
%S
%--

@misc{SIFTDemo,
  author = {D. Lowe},
  title = {{Demo Software: Sift Keypoint Detector}},
  note = {\url{http://www.cs.ubc.ca/\~{}lowe/keypoints/}},
  year = 2008
}

@misc{Samarasekera07,
  author = {S. Samarasekera and R. Kumar and T. Oskiper and H. Sawhney and M. Aggarwal},
  title = {{System and Method for Enhanced Situation Awareness and Visualization of Environments}},
  month = "March",
  year = 2007
}

% check authors names:
@article{Schonemann66,
  author = {P. Sch{\"o}nemann},
  title = {{A Generalized Solution of the Orthogonal Procrustes Problem}},
  journal = {Psychometrika},
  volume = "31",
  number = "1",
  pages = "1--10",
  year = 1966
}

@misc{Sedumi,
  author = {J.F. Sturm},
  title = {{Using Sedumi 1.02, a Matlab Toolbox for Optimization Over Symmetric Cones}},
  pages = "625--653",
  year = 1999
}

@misc{StarWars1,
  author = {http://www.thedigitalbits.com/reviews3/starwarschanges.html http://www.thedigitalbits.com/reviews3/starwarschanges.html {http://www.thedigitalbits.com/reviews3/starwarschanges.html http://www.thedigitalbits.com/reviews3/starwarschanges.html}}
}

@misc{StarWars2,
  author = {http://www.dvdanswers.com/sw3.html http://www.dvdanswers.com/sw3.html {http://www.dvdanswers.com/sw3.html http://www.dvdanswers.com/sw3.html}}
}

@book{Stirling1764,
  author = {J. Stirling},
  title = {{Methodus Differentialis [electronic Resource] : Sive Tractatus De Summatione Et Interpolatione Serierum Infinitarum.}},
  publisher = {J. Whiston and B. White},
  year = 1764
}

@misc{Strecha08URL,
  author = {C. Strecha},
  title = {{Multi-View Evaluation - http://cvlab.epfl.ch/data}},
  year = 2008
}

@misc{StreetView08,
  title = {{Google Maps Street View}},
  note = {\url{http://maps.google.com/help/maps/streetview/}},
  year = 2008
}

@misc{Streetview,
  note = {\url{http://maps.google.com/}}
}

@misc{Suitesparse,
  author = {T. A. Davis},
  title = {{Suitesparse - http://www.cise.ufl.edu/research/sparse/suitesparse/}},
  year = 2009
}

%--
%T
%--

@misc{TensorVoting,
  author = {G. Peyre},
  title = {{Tensor Voting Toolbox}},
  note = {http://www.mathworks.com/}
}

%--
%V
%--

@misc{Vicon,
  title = {{Vicon Motion Systems}},
  note = {http://www.vicon.com/}
}

%--
%W
%--

@misc{Weiss97,
  author = {Y. Weiss},
  title = {{Motion Segmentation Using Em -- a Short Tutorial}},
  url = {citeseer.nj.nec.com/weiss97motion.html},
  year = 1997
}

@Book{Winter12,
  author = 	 {N. Winter},
  title = 	 {{Scanning Electron Microscopy of Cement and Concrete}},
  publisher = 	 "WHD Microanalysis Consultants",
  year = 	 2012
}

@misc{WHO,
  author = {WHO},
  title  = {THe World Health Report},
  year   = 2011
}

%--
%Z
%--

@misc{ZivkovicBGSub,
  author = {Z. Zivkovic and F. van der Heijden},
  title = {{Background Subtraction Library}},
  note = {\url{http://www.zoranz.net/download.html}}
}

