

@ARTICLE{Anb77,
  author = {Anbar, D.},
  title = {The application of stochastic approximation methods to the bio-assay problem},
  journal = {Journal of Statistical Planning and Inference},
  year = {1977},
  volume = {1},
  pages = {191-206},
}



@INPROCEEDINGS{BenHas08,
  author = {Ben-Or, M. and Hassidim, A.},
  title = {The Bayesian Learner is Optimal for Noisy Binary Search},
  booktitle = {IEEE 49th Annual IEEE Symposium on Foundations of Computer Science},
  year = {2008},
  pages = {221-230},
}

@Article{ boros02qpbo,
	author = {Endre Boros and Peter L. Hammer},
	title = {Pseudo-Boolean Optimization},
	year = {2002},
	journal = {Discrete Applied Mathematics},
	volume = {123},
	pages = {155-225}
}




@Article{bruckstein09,
        author = {A.M. Bruckstein and D.L. Donoho and M. Elad},
        title = {{From Sparse Solutions of Systems of Equations to Sparse Modeling of Signals and Images}},
        journal = {SIAM Review},
        year = {2009},
}

@ARTICLE{BurZig70,
  author    = {Burnashev, M. V. and Zigangirov, K. S.},
  title     = {An interval estimation problem for controlled observations},
  journal   = {Problemy Peredachi Informatsii},
  year      = {1970},
  volume    = {10},
  pages     = {51-61},
}

@Article{candes04,
        author = {E.J. Cand\`{e}s and T. Tao},
        journal = TIT,
        title = {{Near optimal signal recovery from random projections: universal encoding strategies}},
        year = {2004},
}

@article{candes06,
        author = {E.J. Cand\`{e}s and J.Romberg and T. Tao},
        journal = CPAM,
        title = {{Stable Signal Recovery from Incomplete and Inaccurate Measurements}},
        year = {2006},
}

@BOOK{CasNov07,
  title     = {Active sensing and learning, in Foundations and Applications of Sensor Management},
  publisher = {pringer-Verlag},
  year      = {2007},
  author    = {Castro, R. and Nowak, R.},
}

@INPROCEEDINGS{Castro2005,
  author    = {Castro, R. and Willett, R. and Nowak, R.},
  title     = {Faster Rates in Regression Via Active Learning},
  booktitle = NIPS,
  year      = {2005},
  pages     = {179-186}
}

@INPROCEEDINGS{ChDaMa11,
  author    = {Chakraborty, M. and Das, S. and Magdon-Ismail, M.},
  title     = {Near-Optimal Target Learning With Stochastic Binary Signals},
  booktitle = {UAI},
  year      = {2011},
  pages     = {69-76},
}

@INPROCEEDINGS{Dasgupta2007,
  author    = {Dasgupta, S. and Hsu, D. and Monteleoni, C.},
  title     = {A general agnostic active learning algorithm},
  booktitle = NIPS,
  year      = {2007},
  pages     = {1-14}
}

@BOOK{DeGroot70,
  title     = {Optimal Statistical Decisions. l, New York.},
  publisher = {McGraw Hill},
  year      = {1970},
  author    = {DeGroot, M. H.},
}

@TECHREPORT{Dhagat2004,
  author      = {Dhagat, A. and Gacs, P. and Winkler, P.},
  title       = {On Playing Twenty Questions with a Liar},
  institution = {Boston University},
  year        = {2004},
}

@ARTICLE{Dor43,
  author     = {Dorfman, R.},
  title      = {The Detection of Defective Members of Large Populations},
  journal    = {The Annals of Mathematical Statistics},
  year       = {1943},
  volume     = {14},
  pages      = {436-440},
}

@BOOK{DyYu79,
  title     = {Controlled Markov Processes},
  publisher = {Springer},
  year      = {1979},
  author    = {Dynkin, E. B. and Yushkevich, A. A.}
}

@ARTICLE{HauCasNow11,
  author    = {Haupt, J. and Castro, R. M. and Nowak, R.},
  title     = {Distilled sensing: Adaptive sampling for sparse detection and estimation},
  journal   = {IEEE Transactions on Information Theory},
  volume    = {57},
  number    = {9},
  year      = {2011},
  pages     = {6222-6235}
}

@ARTICLE{Hor63,
  author    = {Horstein, M.},
  title     = {Sequential decoding using noiseless feedback},
  journal   = {IEEE Transactions on Information Theory},
  year      = {1963},
  volume    = {9},
  pages     = {136--143},
}

@Inproceedings{ ishikawa09reduction,
	author = {Hiroshi Ishikawa},
	title = {Higher-Order Clique Reduction in Binary Graph Cut},
	year = {2009},
	booktitle = {CVPR}
}

@Inproceedings{ kleinberg99lp,
	author = {Jon Kleinberg and Eva Tardos},
	title  = {Approximation Algorithms for Classification Problems with Pairwise Relationships: Metric Labeling and {Markov} Random Fields},
	year = {1999},
	booktitle = {Symposium on Foundations of Computer Science}
}

@ARTICLE{JedFraSzn11,
  author    = {Jedynak, B. and Frazier, P. I. and Sznitman, R.},
  title     = {Twenty questions with noise: Bayes optimal policies for entropy loss},
  journal   = {Journal of Applied Probability},
  year      = {2011},
  volume    = {49},
  pages    = {114-136},
}

@BOOK{Kushner1997,
  title     = {Stochastic Approximation Algorithms and Applications},
  publisher = {Springer-Verlag, New York},
  year      = {1997},
  author    = {Kushner, H. J. and Yin, G. G.},
}

@InProceedings{murphy99loopy,
  author        = {Kevin Murphy and Yair Weiss and Michael I. Jordan},
  title         = {Loopy Belief Propagation for Approximate Inference: {An} Empirical Study},
  year          = {1999},
  booktitle     = {UAI}
}

@INPROCEEDINGS{Novak2008,
  author     = {Novak, R.},
  title      = {Generalized binary search},
  booktitle  = {Conference on Communication, Control, and Computing},
  year       = {2008},
  pages      = {568 - 574},
}

@ARTICLE{Polyak1990,
  author   = {Polyak, B.},
  title    = {New method of stochastic approximation type},
  journal  = {Automation and Remote Control},
  year     = {1990},
  volume   = {51},
  pages    = {937-946},
}

@ARTICLE{RobMon51,
  author     = {Robbins, H. and Monro, S.},
  title      = {A stochastic approximation methods},
  journal    = {Annals of Mathematical Statistics},
  year       = {1951},
  volume     = {22},
  pages      = {400-407},
}

@ARTICLE{Roth74,
  author     = {Rothschild, R.},
  title      = {A Two-armed Bandit Theory of Market Pricing},
  journal    = {Journal of Economic Theory},
  year       = {1974},
  volume     = {9},
  pages      = {85-02},
}

@TECHREPORT{Rup88,
  author      = {Ruppert, D.},
  title       = {Efficient estimators from a slowly convergent robbins-monro procedure},
  institution = {School of Operations Research and Industrial Engineering, Cornell University.},
  year        = {1988},
}

@ARTICLE{Spencer1992,
  author    = {Spencer, J. and Winkler, P.},
  title     = {Three Thresholds for a Liar},
  journal   = {Combinatorics, Probability and Computing},
  year      = {1992},
  volume    = {1},
  pages     = {81--93},
}

@INPROCEEDINGS{SriKraKakSee10,
  author    = {Srinivas, N. and Krause, A. and Kakade, S. and Seeger, M.},
  title     = {Gaussian Process Optimization in the Bandit Setting: No Regret and Experimental Design},
  booktitle = {ICML},
  year      = {2010},
  pages     = {1015-1022}
}

@INPROCEEDINGS{WaeFraHen11,
  author    = {Waeber, R. and Frazier, P. I. and Henderson, S. G.},
  title     = {A Bayesian Approach to Stochastic Root Finding},
  booktitle = {Winter Simulation Conference},
  year      = {2011},
  pages     = {4033-4045}
}

@TECHREPORT{BrCoFr09,
  author = {Brochu, E. and Cora, M. and de Freitas, N.},
  title = {A Tutorial on Bayesian Optimization of Expensive Cost Functions,
	with Application to Active User Modeling and Hierarchical Reinforcement
	Learning},
  institution = {Department of Computer Science, University of British Columbia},
  year = {2009},
  number = {TR-2009-023},
  month = {November},
  file = {BrCoFr09.pdf:BrCoFr09.pdf:PDF},
  owner = {pfrazier},
  timestamp = {2011.01.07}
}

@ARTICLE{JoScWe98,
  author = {Jones, D.R. and Schonlau, M. and Welch, W.J.},
  title = {{Efficient Global Optimization of Expensive Black-Box Functions}},
  journal = {Journal of Global Optimization},
  year = {1998},
  volume = {13},
  pages = {455--492},
  number = {4},
  file = {JoScWe98.pdf:JoScWe98.pdf:PDF},
  owner = {pfrazier},
  publisher = {Springer},
  timestamp = {2008.04.29}
}

@INPROCEEDINGS{ZhXuCa03,
  author = {Yi Zhang and Wei Xu and Jamie Callan},
  title = {Exploration and Exploitation in Adaptive Filtering Based on Bayesian
	Active Learning},
  booktitle = ICML,
  year = {2003},
  pages = {896--903},
}

@ARTICLE{FrNePo09,
  author = {D.M. Negoescu and P. Frazier and W.B. Powell},
  title = {The Knowledge Gradient Algorithm for Sequencing Experiments in Drug
	Discovery},
  journal = {INFORMS Journal on Computing},
  year = {2011},
  volume = {23},
  number = {1}
}

@BOOK{WeGl86,
  title = {{Sequential Methods in Statistics.}},
  publisher = {Chapman \& Hall},
  year = {1986},
  author = {Wetherill, GB and Glazebrook, KD},
  series = {Monographs on Statistics and Applied Probability},
  address = {London},
  edition = {Third},
  owner = {pfrazier},
  timestamp = {2009.04.19}
}

@BOOK{BeFr85,
  title = {{Bandit Problems: Sequential Allocation of Experiments}},
  publisher = {Chapman \& Hall},
  year = {1985},
  author = {Berry, D.A. and Fristedt, B.},
  address = {London},
  owner = {pfrazier},
  timestamp = {2008.10.16}
}

@ARTICLE{Lo91,
  author = {Lovejoy, W.S.},
  title = {{A survey of algorithmic methods for partially observed Markov decision
	processes}},
  journal = {Annals of Operations Research},
  year = {1991},
  volume = {28},
  pages = {47--65},
  number = {1},
  file = {Lo91.pdf:Lo91.pdf:PDF},
  owner = {pfrazier},
  publisher = {Springer},
  timestamp = {2010.03.01}
}

@ARTICLE{Be54,
  author = {Bellman, R.},
  title = {The Theory of Dynamic Programming},
  journal = {Bull. Amer. Math. Soc.},
  year = {1954},
  volume = {60},
  pages = {503--516},
  owner = {pfrazier},
  timestamp = {2009.04.16}
}

@INPROCEEDINGS{GiJo74,
  author = {Gittins, J. C. and D. M. Jones},
  title = {A dynamic allocation index for the sequential design of experiments},
  booktitle = {Progress in Statistics},
  year = {1974},
  pages = {241--266}
}

@ARTICLE{ChickFrazier2011,
  author = {S.E. Chick and P.I. Frazier},
  title = {Sequential Sampling for Selection with Economics of Selection Procedures},
  journal = {Management Science},
  volume = {58},
  pages = {550--569},
  year = {2012}
}


@BOOK{Po07,
  title = {Approximate Dynamic Programming: Solving the curses of dimensionality},
  publisher = {John Wiley and Sons},
  year = {2007},
  author = {W. B. Powell},
  address = {New York},
  owner = {pfrazier},
  timestamp = {2009.03.09}
}

@INPROCEEDINGS{WaRaMaLiLe02,
  author = {Manfred K. Warmuth and Gunnar R{\"a}tsch and Michael Mathieson and
	Jun Liao and Christian Lemmen},
  title = {Active Learning in the Drug Discovery Process},
  booktitle = {Advances in Neural Information Processing Systems 14},
  year = {2001},
  editor = {Thomas G. Dietterich and Suzanna Becker and Zoubin Ghahramani},
  pages = {1449--1456},
  publisher = {MIT Press},
  file = {WaRaMaLiLe02.pdf:WaRaMaLiLe02.pdf:PDF},
  owner = {pfrazier},
  timestamp = {2010.05.07}
}

@TECHREPORT{Settles10,
  author = {Settles, B.},
  title = {{Active Learning Literature Survey}},
  institution = {University of Wisconsin--Madison},
  year = {2009},
  type = {Computer Sciences Technical Report},
  number = {1648},
  file = {Se10.pdf:Se10.pdf:PDF},
  owner = {pfrazier},
  timestamp = {2010.11.05}
}

