%--
%A
%--

@article{AbdelMakek97a,
  author = {K. Abdel-Malek and H.J. Yeh},
  title = {{Analytical Boundary of the Workspace for General Three Degree-Of-Freedom Mechanisms}},
  journal = IJRR,
  volume = "16",
  number = "2",
  pages = "198--213",
  year = 1997
}

@article{AbdelMakek97b,
  author = {K. Abdel-Malek and F. Adkins and H.J. Yeh and E.J. Haug},
  title = {{On the Determination of Boundaries to Manipulator Workspaces}},
  journal = "Robotics and Computer-Integrated Manufacturing",
  volume = "13",
  number = "1",
  pages = "63--72",
  year = 1997
}

@article{AbdelMakek97c,
  author = {K. Abdel-Malek and H.J. Yeh. and S. Othman},
  title = {{Interior and Exterior Boundaries to the Workspace of Mechanical Manipulators}},
  journal = "Robotics and Computer-Integrated Manufacturing",
  volume = "16",
  number = "5",
  pages = "365--376",
  year = 2000
}

@inproceedings{AbdelMakek01,
  author = {K. Abdel-Malek and J. Yang and R. Brand and M.Vannier},
  title = {{Towards Understanding the Workspace of the Upper Extremities}},
  booktitle = "SAE Digital Human Modeling for Design and Engineering",
  pages = "",
  year = 2001
}

@article{AbdelMalek05,
  author = {K. Abdel-Malek and J. Yang and J. Duncan},
  title = {{Human Performance Measures: Mathematics}},
  journal = "Applied Ergonomics",
  year   = 2005
}

%--
%B
%--

%--
%C
%--

%--
%D
%--

%--
%E
%--

%--
%F
%--

%--
%G
%--

%--
%H
%--

%--
%I
%--

%--
%J
%--

%--
%K
%--

%--
%L
%--

%--
%M
%--

%--
%N
%--

%--
%O
%--

%--
%P
%--

%--
%Q
%--

%--
%R
%--

%--
%S
%--

%--
%T
%--

%--
%U
%--

%--
%V
%--

%--
%W
%--

%--
%X
%--

%--
%Y
%--

%--
%Z
%--


