%--
%A
%--

@article{Abdel-malek-analytical-boundary,
  author = {K. Abdel-Malek and H.J. Yeh},
  title = {{Analytical Boundary of the Workspace for General Three Degree-Of-Freedom Mechanisms}},
  journal = "IJRR",
  volume = "16",
  number = "2",
  pages = "198--213",
  year = 1997
}

@article{Abdel-malek-boundaries,
  author = {K. Abdel-Malek and F. Adkins and H.J. Yeh and E.J. Haug},
  title = {{On the Determination of Boundaries to Manipulator Workspaces}},
  journal = "Robotics and Computer-Integrated Manufacturing",
  year = 1997
}

@article{Abdel-malek-interior,
  author = {K. Abdel-Malek and H.J. Yeh. and S. Othman},
  title = {{Interior and Exterior Boundaries to the Workspace of Mechanical Manipulators}},
  journal = "Robotics and Computer-Integrated Manufacturing",
  year = 2000
}

@article{Abdel-malek-performance,
  author = {K. Abdel-Malek and J. Yang and J. Duncan},
  title = {{Human Performance Measures: Mathematics}},
  journal = "Applied Ergonomics"
}

@inproceedings{Abdel-towards,
  author = {K. Abdel-Malek and J. Yang and R. Brand M. and Vannier},
  title = {{Towards Understanding the Workspace of the Upper Extremities}},
  booktitle = "SAE Digital Human Modeling for Design and Engineering 2001",
  year = 2001
}

@inproceedings{Agam05,
  author = {G. Agam and C. Wu},
  title = {{Probabilistic Modeling-Based Vessel Enhancement in Thoracic CT Scans}},
  booktitle = "CVPR'05"
}

@article{Aibinu10,
  author = {A.M. Aibinu and M.I. Iqbal and A.A. Shafie and M.J.E. Salami and M. Nilsson},
  title = {{Vascular Intersection Detection in Retina Fundus Images Using a New Hybrid Approach}},
  journal = {Computers in Biology and Medicine},
  year = 2010
}

@inproceedings{Ali07,
  author = {{A. Ali} and {A. Farag} and {A. El-Baz}},
  title = {{Graph Cuts Framework for Kidney Segmentation With Prior Shape Constraints}},
  booktitle = {MICCAI},
  year = 2007
}

@book{Allard95,
  author = {P. Allard and I.A.F. Stokes and J.P. Blanchi},
  title = {{Three-Dimensional Analysis of Human Movement}},
  year = 1995
}

@inproceedings{Althoff05,
  author = {K. Althoff and J. Degerman and T. Gustavsson},
  title = {{Combined Segmentation and Tracking of Neural Stem-Cells}},
  booktitle = "SCIA'05"
}

@inproceedings{Andres08,
  author = {B. Andres and U. Koethe and M. Helmstaedter and W. Denk and F.A. Hamprecht},
  title = {{Segmentation of SBFSEM Volume Data of Neural Tissue by Hierarchical Classification}},
  booktitle = "DAGM",
  year = 2008
}

@inproceedings{Ardizzone08,
  author = {E. Ardizzone and R. Pirrone and O. Gambino and S. Radosta},
  title = {{Blood Vessels and Feature Points Detection on Retinal Images}},
  booktitle = {Engineering in Medicine and Biology Society},
  year = 2008
}

@inproceedings{Ardizzone09,
  author = {E. Ardizzone and R. Pirrone and O. Gambino},
  title = {{Optic Disc Positioning and Blood Vessels Extraction on Eye Fundus}},
  booktitle = {{EUROCON}},
  year = 2009
}

@article{Arimura07,
  author = {N. Arimura and K. Kaibuchi},
  title = {{Neuronal Polarity: From Extracellular Signals to Intracellular Mechanisms}},
  journal = {Nature Reviews Neuroscience},
  year = 2007
}

@article{Aylward03,
  author = {S.R. Aylward and J. Jomier and S. Weeks and E. Bullitt},
  title = {{Registration and Analysis of Vascular Images}},
  journal = "IJCV",
  volume = "55",
  number = "2-3",
  pages = "123--138",
  year = 2003
}

%--
%B
%--

@inproceedings{Bamford98,
  author = {P. Bamford and B. Lovell},
  title = {{Improving the Robustness of Cell Nucleus Segmentation}},
  booktitle = "BMVC'98"
}

@article{Bao99,
  author = {H. Bao and P.Y. Willems},
  title = {{On the Kinematic Modelling and the Parameter Estimation of the Human Shoulder}},
  journal = "Journal of Biomechanics",
  year = 1999
}

@inproceedings{Barbu10,
  author = {A. Barbu and M. Suehling and X. Xu and D. Liu and K. Zhou and D. Comaniciu},
  title = {{Automatic Detection and Segmentation of Axillary Lymph Nodes}},
  booktitle = "MICCAI'10"
}

@inproceedings{Begelman04,
  author = {G. Begelmana and E. Gur and E. Rivlin and M. Radzsky and Z. Zalevsky},
  title = {{Cell Nuclei Segmentation Using a Fuzzy Logic Engine}},
  booktitle = "ICIP'04"
}

@article{Beil95,
  author = {M. Beil and T. Irinopoulou and J. Vassy and G. Wolf},
  title = {{A Dual Approach to Structural Texture Analysis in Microscopic Cell Images}},
  journal = "Computer Methods and Programs in Biomedicine",
  year = 1995
}

@inproceedings{Benmansour09,
  author = {Fethallah Benmansour and Laurent D. Cohen and Max W.K. Law and Albert C.S. Chung},
  title = {{Tubular Anisotropy for 2D Vessels Segmentation}},
  booktitle = "CVPR'09"
}

@inproceedings{Bhuiyan07,
  author = {A. Bhuiyan and B. Nath and J. Chua and K. Ramamohanarao},
  title = {{Automatic Detection of Vascular Bifurcations and Crossovers from Color Retinal Fundus Images}},
  booktitle = {Conference on Signal-Image Technologies and Internet-Based System},
  year = 2007
}

@article{Biryukova00,
  author = {E.V. Biryukova and A. Roby-Brami and A.A. Frolov and M. Mokhtari},
  title = {{Kinematics of Human Arm Reconstructed from Spatial Tracking System Recordings}},
  journal = "Journal of Biomechanics",
  year = 2000
}

@article{Borgefors99,
  author = {G. Borgefors and I. Nystr√∂m and G. Sanniti Di Baja},
  title = {{Computing Skeletons in Three Dimensions}},
  journal = "PR",
  volume = "32",
  number = "7",
  pages = "1225--1236",
  year = 1999
}

@article{Breteler99,
  author = {M.D. Klein Breteler and C.W. Spoor and F.C.T. Van der Helm},
  title = {{Measuring Muscle and Joint Geometry Parameters of a Shoulder for Modeling Purposes}},
  journal = "Journal of Biomechanics",
  year = 1999
}

@article{Bullitt03,
  author = {E. Bullitt and G. Gerig and S. Pizer and W. Lin and S. Aylward},
  title = {{Measuring Tortuosity of the Intracerebral Vasculature from Mra Images}},
  journal = "TMI",
  volume = "22",
  pages = "1163--1171",
  year = 2003
}

%--
%C
%--

@article{Cai06,
  author = {H. Cai and X. Xu and J. Lu and J.W. Lichtman and S.P. Yung and S.T.C. Wong},
  title = {{Repulsive Force Based Snake Model to Segment and Track Neuronal Axons in 3D Microscopy Image Stacks}},
  journal = "NeuroImage",
  year = 2006
}

@book{Campbell06,
  author = {N. Campbell and B. Williamson and R. Heyden},
  title = {{Biology: Exploring Life}},
  year = 2006
}

@article{Can99,
  author = {A. Can and H. Shen and J.N. Turner and H.L. Tanenbaum and B. Roysam},
  title = {{Rapid Automated Tracing and Feature Extraction from Retinal Fundus Images Using Direct Exploratory Algorithms}},
  journal = "TITB",
  volume = "3",
  number = "2",
  pages = "125--138",
  year = 1999
}

@article{Can02,
  author = {A. Can and C.V. Stewart and B. Roysam and H.L. Tanenbaum},
  title = {{A Feature-Based, Robust, Hierarchical Algorithm for Registering Pairs of Images of the Curved Human Retina}},
  journal = "PAMI",
  volume = "24",
  number = "3",
  pages = "347--364",
  year = 2002
}

@inproceedings{Cananova04,
  author = {E. Casanova and H. Dejnabadi and B. Jolles and K. Aminian and P. Fua},
  title = {{3D Motion Analysis and Synthesis from Inertial Gyroscopes and Image Data}},
  booktitle = "Annual European Society for Movement Analysis in Adults and Children Conference",
  year = 2004
}

@book{Capowski1989,
  title = {{Computer Techniques in Neuroanatomy}},
  year = 1989
}

@article{Cappozzo96,
  author = {A. Cappozzo and F. Catani and A. Leardini and M.G. Benedetti and U. Della Croce},
  title = {{Position and Orientation in Space of Bones During Movement: Experimental Artefacts}},
  journal = "Clinical Biomechanics",
  year = 1996
}

@article{Cappozzo97,
  author = {A. Cappozzo and A. Cappello and U.D. Croce and F. Pensalfini},
  title = {{Surface Marker Cluster Design Criteria for 3D Bone Movement Reconstruction}},
  journal = "IEEE Transactions on Biomedical Engineering",
  year = 1997
}

@inproceedings{Chang-Hua07,
  author = {C.-H. Wu and G. Agam and P. Stanchev},
  title = {{A General Framework for Vessel Segmentation in Retinal Images}},
  booktitle = {International Symposium on Computational Intelligence in Robotics and Automation},
  year = 2007
}

@book{Cochran96,
  author = {A. Cochran and J. Stobbs},
  title = {{Search for the Perfect Swing}},
  year = 1996
}

@article{Cohen94,
  author = {A. R. Cohen and B. Rosyam and J. N. Turner},
  title = {{Automated Tracing and Volume Measurements of Neurons Form 3D Confocal Fluorescence Microscopy Data.}},
  journal = {Journal of Microscoopy},
  year = 1994
}

%--
%D
%--

@article{DeGroot97,
  author = {J.H. De Groot},
  title = {{The Variability of Shoulder Motions Recorded by Means of Palpation}},
  journal = "Journal of Clinical Biomechanics",
  year = 1997
}

@article{DeGroot98,
  author = {C.G.M Meskers and F.C.T. Van der Helm and L.A. Rozendaal and P.M. Rozing},
  title = {{In Vivo Estimation of the Glenohumeral Joint Center from Scapular Bony Landmarks by Linear Regression}},
  journal = "Journal of Biomechanics",
  year = 1998
}

@article{DeGroot01,
  author = {J.H. De Groot and R. Brand},
  title = {{A Three Dimensional Regression Model of the Shoulder Rhythm}},
  journal = "Journal of Clinical Biomechanics",
  year = 2001
}

@article{DePaola06,
  author = {V.D. V and A. Holtmaat and G. Knott and S. Song and L. Wilbrecht},
  title = {{Cell Type-Specific Structural Plasticity of Axonal Branches and Boutons in the Adult Neocortex}},
  journal = "Neuron",
  year = 2006
}

@article{Debeir04,
  author = {O. Debeir and I. Camby and R. Kiss and P.V. Ham and C. Decaestecker},
  title = {{A Model-Based Approach for Automated in Vitro Cell Tracking and Chemotaxis Analysis}},
  journal = {Cytometry},
  year = 2004
}

@inproceedings{Dejnabadi05,
  author = {H. Dejnabadi and E. Casanova and B. Jolles and K. Aminian and P. Fua},
  title = {{Joint Angle Monitoring in Osteoarthritis Patients Using Body-Fixed Sensors}},
  booktitle = {Conference on Gait and Postural Research},
  year = 2005
}

@article{Dejnabadi06a,
  author = {H. Dejnabadi and B.M. Jolles and E. Casanova and P. Fua and K. Aminian},
  title = {{Estimation and Visualization of Sagittal Kinematics of Lower Limbs Orientation Using Body-Fixed Sensors}},
  journal = "TBME",
  volume = "53",
  number = "7",
  pages = "1385--1393",
  year = 2006
}

%--
%E
%--

@article{Engin86,
  author = {A.E. Engin and S.M. Chen},
  title = {{Statistical Data Base for the Biomechanical Properties of the Human Shoulder Complex}},
  journal = "Journal of Biomechanical Engineering",
  year = 1986
}

@article{Engin89,
  author = {A.E. Engin and S.T. T{\"u}mer},
  title = {{Three-Dimensional Kinematic Modeling of the Human Shoulder Complex}},
  journal = "Journal of Biomechanical Engineering",
  year = 1989
}

@article{Engin93,
  author = {A.E. Engin and S.T. T{\"u}mer},
  title = {{Improved Dynamic Model of the Human Knee Joint and Its Response to Imact Loading on the Lower Leg}},
  journal = "Journal of Biomechanical Engineering",
  year = 1993
}

@article{Evers05,
  author = {J. F. Evers and S. Schmitt and M. Sibila and C. Duch},
  title = {{Progress in Functional Neuroanatomy: Precise Automatic Geometric Reconstruction of Neuronal Morphology from Confocal Image Stacks}},
  journal = "Journal Neurophysioly",
  year = 2005
}

%--
%F
%--

@phdthesis{Fan06,
  author = {D.C.K. Fan},
  title = {{Bayesian Inference of Vascular Structure from Retinal Images}},
  year = 2006
}

@article{Fitts54,
  author = {M. Fitts},
  title = {{The Information Capacity of the Human Motor System in Controlling the Amplitude of Movements}},
  journal = "Journal of Experimental Psychology",
  year = 1954
}

@article{Flasque01,
  author = {N. Flasque and M. Desvignes and J.M. Constans and M. Revenu},
  title = {{Acquisition, Segmentation and Tracking of the Cerebral Vascular Tree on 3D Magnetic Resonance Angiography Images}},
  journal = "Medical Image Analysis",
  year = 2001
}

@inproceedings{Frangakis02,
  author = {A.S. Frangakis and R. Hegerl},
  title = {{Segmentation of Two- and Three-Dimensional Data from Electron Microscopy Using Eigenvector Analysis}},
  booktitle = "JSB'02"
}

@article{Frangi98,
  author = {A.F. Frangi and W.J. Niessen and K.L. Vincken and M.A. Viergever},
  title = {{Multiscale Vessel Enhancement Filtering}},
  journal = "Lecture Notes in Computer Science",
  year = 1998
}

@article{Fridman04,
  author = {Y. Fridman and S.M. Pizer and S. Aylward and E. Bullitt},
  title = {{Extracting Branching Tubular Object Geometry Via Cores}},
  journal = "Medical Image Analysis",
  year = 2004
}

%--
%H
%--

@article{Halvorsen99,
  author = {K. Halvorsen and M. Lesser and A. Lundberg},
  title = {{A New Method for Estimating the Axis of Rotations and the Center of Rotation}},
  journal = "Journal of Biomechanics",
  year = 1999
}

@book{Hamill-knutzen,
  author = {J. Hamill and K.M. Knutzen},
  title = {{Biomechanical Basis of Human Movement}},
  year = 1995
}

@article{Harris98,
  author = {M. Harris and D.M. Wolpert},
  title = {{Signal-Dependent Noise Determines Motor Planning}},
  journal = "Nature",
  year = 1998
}

@article{Hart99,
  author = {W. E. Hart and M. Goldbaum and P. Kube and M. R. Nelson},
  title = {{Measurement and Classification of Retinal Vascular Tortuosity}},
  journal = "IJMI",
  volume = "53",
  pages = "239--252",
  year = 1999
}

@article{Hatze97,
  author = {H. Hatze},
  title = {{A Three-Dimensional Multivariate Model of Passive Human Joint Torques and Articular Boundaries}},
  journal = "Clinical Biomechanics",
  year = 1997
}

@article{Hayes01,
  author = {K. Hayes and J.R. Walton and Z.L. Szomor and G.A.C. Murrell},
  title = {{Reliability of Five Methods for Assessing Shoulder Range of Motion}},
  journal = "Australian Journal of Physiotherapy",
  year = 2001
}

@article{He03,
  author = {W. He and T.A. Hamilton and A.R. Cohen and T.J. Holmes and C. Pace and D.H. Szarowski and J.N. Turner and B. Roysam},
  title = {{Automated Three-Dimensional Tracing of Neurons in Confocal and Brightfield Images}},
  journal = {Microscopy and Microanalysis},
  year = 2003
}

@article{Hoffpauir07,
  author = {B. Hoffpauir and B. Pope and G. Spirou},
  title = {{Serial Sectioning and Electron Microscopy of Large Tissue Volumes for 3D Analysis and Reconstruction: A Case Study of the Calyx of Held}},
  journal = {Natural Protocols},
  year = 2007
}

@article{Holtmaat06,
  author = {A. Holtmaat and L. Wilbrecht and G. Knott and E. Welker and K. Svoboda},
  title = {{Experience-Dependent and Cell-Type-Specific Spine Growth in the Neocortex}},
  journal = {Nature},
  year = 2006
}

@inproceedings{Huang06,
  author = {K. Huang and M. Yan},
  title = {{Robust Optic Disk Detection in Retinal Images Using Vessel Structure and Radon Transform}},
  booktitle = "SPIE'06"
}

%--
%I
%--

@inproceedings{Ijspeert02,
  author = {A.J. Ijspeert and J. Nakanishi and S. Schaal},
  title = {{Movement Imitation With Nonlinear Dynamical Systems in Humanoid Robots}},
  booktitle = "ICRA'02"
}

%--
%J
%--

@inproceedings{Jain07,
  author = {V. Jain and J.F. Murray and F. Roth and S.C Turaga and V. Zhigulin and K.L. Briggman and M.N. Helmstaedter and W. Denk and H.S. Seung},
  title = {{Supervised Learning of Image Restoration With Convolutional Networks}},
  booktitle = "ICCV'07"
}

@inproceedings{Jain10a,
  author = {V. Jain and B. Bollmann and M. Richardson and D. Berger and M.N. Helmstaedter and K. Briggman and W. Denk and J. Mendenhall and W. Abraham and K. harris and N. Kasthuri and K. Hayworth and R. Schalek and J. Tapia and J. Lichtman and H.S. Seung},
  title = {{Boundary Learning by Optimization With Topological Constraints}},
  booktitle = "CVPR'10"
}

@article{Jain10b,
  author = {V. Jain and H. S. Seung and S. Turaga},
  title = {{Machines That Learn to Segment Images: A Crucial Technology for Connectomics}},
  journal = "Current Opinion in Neurobiology",
  year = 2010
}

@article{Johnston69,
  author = {R. Johnston and G. Smidt},
  title = {{Measurement of Hip Joint Motion During Walking}},
  journal = "Journal of Bone and Joint Surgery",
  year = 1969
}

@inproceedings{Jomier05,
  author = {J. Jomier and V. LeDigarcher and S.R. Aylward},
  title = {{Automatic Vascular Tree Formation Using the Mahalanobis Distance.}},
  booktitle = "MICCAI'05"
}

@inproceedings{Jones05,
  author = {TR. Jones and A. Carpenter and P. Golland},
  title = {{Voronoi-Based Segmentation of Cells on Image Manifolds}},
  booktitle = "CVBIA",
  year = 2005
}

@inproceedings{Jurrus06,
  author = {E. Jurrus and M. Hardy and T. Tasdizen and P.T. Fletcher and P. Koshevoy and C. Chien and W. Denk and R. Whitaker},
  title = {{Axon Tracking in Serial Block-Face Scanning Electron Microscopy}},
  booktitle = {MICCAI},
  year = 2006
}

@inproceedings{Jurrus08,
  author = {E. Jurrus and R. Whitaker and B.W. Jones and R. Marc and T. Tasdizen},
  title = {{An Optimal-Path Approach for Neural Circuit Reconstruction}},
  booktitle = "ISBI'08"
}

@article{Jurrus10,
  author = {E. Jurrus and A. Paiva and S. Watanabe and J. Anderson and R. Whitaker and B.W. Jones and R. Marc and T. Tasdizen},
  title = {{Detection of Neuron Membranes in Electron Microscopy Images Using a Serial Neural Network Architecture}},
  journal = "Medical Image Analysis",
  year = 2010
}

%--
%K
%--

@inproceedings{Kaynig10,
  author = {V. Kaynig and T. Fuchs and J.M. Buhmann},
  title = {{Neuron Geometry Extraction by Perceptual Grouping in ssTEM Images}},
  booktitle = "CVPR'10"
}

@inproceedings{Kirbas03,
  author = {C. Kirbas and F. Quek},
  title = {{Vessel Extraction Techniques and Algorithms: A Survey}},
  booktitle = {Symposium on BioInformatics and BioEngineering},
  year = 2003
}

@inproceedings{Kirbas2003,
  author = {C. Kirbas. and F. Quek},
  title = {{Vessel Extraction Techniques and Algorithms: A Survey}},
  booktitle = {IEEE Symposium on BioInformatics and BioEngineering},
  year = 2003
}

@article{Knott06,
  author = {G.W. Knott and A. Holtmaat and L. Wilbrecht and E. Welker and K. Svoboda},
  title = {{Spine Growth Precedes Synapse Formation in the Adult Neocortex in Vivo}},
  journal = {Nature Neuroscience},
  year = 2006
}

@article{Knott08,
  author = {G.W. Knott and H. Marchman and D. Wall and B. Lich},
  title = {{Serial Section Scanning Electron Microscopy of Adult Brain Tissue Using Focused Ion Beam Milling}},
  journal = {Journal of Neuroscience},
  year = 2008
}

@article{Knott09,
  author = {G.W. Knott and A. Holtmaat and J.T. Trachtenberg and L. Wilbrecht and K. Svoboda and E. Welker},
  title = {{A Protocol for Preparing Gfp-Labeled Neurons Previously Imaged in Vivo and in Slice Preparations for Light and Electron Microscopic Analysis}},
  journal = {Nat Protoc},
  year = 2009
}

@inproceedings{Kodek02,
  author = {T. Kodek and M. Munich},
  title = {{Identifying Shoulder and Elbow Passive Moments and Muscle Contributions}},
  booktitle = "IROS'02"
}

@article{Kofahi02,
  author = {K. A. Al-Kofahi and S. Lasek and D. H. Szarowski and C. J. Pace and G. Nagy and J. N. Turner and B. Roysam},
  title = {{Rapid Automated Three-Dimensional Tracing of Neurons from Confocal Image Stacks}},
  journal = "TITB",
  volume = "6",
  number = "2",
  pages = "171--187",
  year = 2002
}

@misc{Kofahi03,
  author = {K.A. Al-Kofahi and A. Can and S. Lasek and D.H. Szarowski and Natalie Dowell-Mesfin and William Shain and James N. Turner and et al.},
  title = {{Median-Based Robust Algorithms for Tracing Neurons from Noisy Confocal Microscope Images}},
  url = "citeseer.ist.psu.edu/al-kofahi03medianbased.html"
}

@article{Kofahi08,
  author = {Y. Al-Kofahi and N. Dowell-Mesfin and C. Pace and W. Shain and J. Turner and B. Roysam},
  title = {{Improved Detection of Branching Points in Algorithms for Automated Neuron Tracing from 3D Confocal Images}},
  journal = "Cytometry Part A",
  year = 2008
}

@article{Koh02,
  author = {I.Y. Koh and W.B. Lindquist and K. Zito and E.A. Nimchinsky and K. Svoboda},
  title = {{An Image Analysis Algorithm for Dendritic Spines}},
  journal = {Neural Computation},
  year = 2002
}

@article{Korbo90,
  author = {L. Korbo and B Pakkenberg and O. Ladefoged and H.J. Gunderson and P. Arlien-Soborg and H. Pakkenberg},
  title = {{An Efficient Method for Estimating the Total Number of Neurons in the Rat Brain Cortex}},
  journal = {Journal of Neuroscience Methods},
  year = 1990
}

@book{Korein85,
  author = {J.U. Korein},
  title = {{A Geometric Investigation of Reach}},
  year = 1985
}

@article{Krissian00,
  author = {K. Krissian and G. Malandain and N. Ayache and R. Vaillant and Y. Trousset},
  title = {{Model-Based Detection of Tubular Structures in 3D Images}},
  journal = "CVIU",
  volume = "80",
  number = "1",
  pages = "130--171",
  year = 2000
}

@techreport{Krissian04,
  author = {K. Krissian and R. Kikinis and C.-F. Westin},
  title = {{Algorithms for Extracting Vessel Centerlines}},
  institution = {Department of Radiology, Brigham and Women's Hospital, Harvard Medical School},
  year = 2004
}

@techreport{KrissianLMI2003,
  author = {K. Krissian and R. Kikinis and C.-F. Westin},
  title = {{Algorithms for Extracting Vessel Centerlines}},
  institution = {Department of Radiology, Brigham and Women's Hospital, Harvard Medical School},
  year = 2004
}

@inproceedings{Kumar10,
  author = {R. Kumar and A. Vazquez-Reina and H. Pfister},
  title = {{Radon-Like Features and Their Application to Connectomics}},
  booktitle = {Workshop on Mathematical Methods in Biomedical Image Analysis},
  year = 2010
}

%--
%L
%--

@inproceedings{Law08,
  author = {M.W. Law and A.C. Chung},
  title = {{Three Dimensional Curvilinear Structure Detection Using Optimally Oriented Flux}},
  booktitle = "ECCV'08"
}

@article{Leandro03,
  author = {J.J.G. Leandro and J.V.B. Soares and R.M.Jr. Cesar and H.F. Jelinek},
  title = {{Blood Vessels Segmentation in Non-Mydriatic Images Using Wavelets and Statistical Classifiers}},
  journal = "Brazilian Symposium on Computer Graphics and Image Processing",
  year = 2003
}

@article{Lee94,
  author = {T.C. Lee and R.L. Kashyap and C.N. Chu},
  title = {{Building Skeleton Models Via 3D Medial Surface Axis Thinning Algorithms}},
  journal = "CVGIP: Graphical Models and Image Processing",
  year = 1994
}

@article{Lemay96,
  author = {Lemay M.A. and Crago P.E.},
  title = {{A Dynamic Model for Simulating Movements of the Elbow, Forearm, and Wrist}},
  journal = "Journal of Biomechanics",
  year = 1996
}

%--
%M
%--

@article{MacIver00,
  author = {M. Maciver and M. Nelson},
  title = {{Body Modeling and Model-Based Tracking for Neuroethology}},
  journal = "Journal of Neuroscience Methods",
  year = 2000
}

@inproceedings{Malmberg09,
  author = {F. Malmberg and C. Ostlund and G. Borgefors},
  title = {{Binarization of Phase Contrast Volume Images of Fibrous Materials: A Case Study}},
  booktitle = "ICCV'09"
}

@article{Mannella97,
  author = {C.A. Mannella and M. Marko and K. Buttle},
  title = {{Reconsidering Mitochondrial Structure: New Views of an Old Organelle}},
  journal = "Trends Biochem. Sci.",
  year = 1997
}

@article{Markram06,
  author = {H. Markram},
  title = {{The Blue Brain Project}},
  journal = "Nature Reviews Neuroscience",
  year = 2006
}

@article{Marsh01,
  author = {B.J. Marsh and D.N. Mastronarde and K.F. Buttle and K.E. Howell and J.R. McIntosh},
  title = {{Organellar Relationships in the Golgi Region of the Pancreateic Beta Cell Line, HIT-T15, Visualized by High Resolution Electron Tomogrophy}},
  journal = "Proc. Nat. Acad. Sci.",
  year = 2001
}

@article{Mattson08,
  author = {M. Mattson and M. Gleichmann and A. Cheng},
  title = {{Mitochondria in Neuroplasticity and Neurological Disorders}},
  journal = "Neuron",
  year = 2008
}

@article{Maurel00,
  author = {W. Maurel and D. Thalmann},
  title = {{Human Shoulder Modeling Including Scapulo-Thoracic Constraint and Joint Sinus Cones}},
  journal = "Computers & Graphics",
  year = 2000
}

@inproceedings{McIntosh06,
  author = {C. McIntosh and G. Hamarneh},
  title = {{Vessel Crawlers: 3D Physically-Based Deformable Organisms for Vasculature Segmentation and Analysis}},
  booktitle = "CVPR'06"
}

@article{Meijeering03,
  author = {E. Meijering and M. Jacob and J.-C. F. Sarria and P. Steiner and H. Hirling and M. Unser},
  title = {{Design and Validation of a Tool for Neurite Tracing and Analysis in Fluorescence Microscopy Images}},
  journal = {Cytometry Part A},
  year = 2004
}

@article{Meskers98,
  author = {C.G.M. Meskers and H.M. Vermeulen and J.H. de Groot and F.C.T. Van der Helm and P.M. Rozing},
  title = {{3D Shoulder Position Measurements Using a Six-Degree-Of-Freedom Electromagnetic Tracking Device}},
  journal = "Clinical Biomechanics",
  year = 1998
}

@article{Meskers99,
  author = {C.G.M Meskers and H. Fraterman and F.C.T. Van der Helm and H.M. Vermeulen and P.M. Rozing},
  title = {{Calibration of The"flock of Birds" Electromagnetic Tracking Device and Its Application in Shoulder Motion Studies}},
  journal = "Journal of Biomechanics",
  year = 1999
}

@article{Mishchenko08,
  author = {Y. Mishchenko},
  title = {{Automation of 3D Reconstruction of Neural Tissue from Large Volume of Conventional Serial Section Transmission Electron Micrographs}},
  journal = "Journal of Neuroscience Methods",
  year = 2008
}

@article{Mukherjee04,
  author = {D. Mukherjee and N. Ray and S. Acton},
  title = {{Level Set Analysis for Leukocyte Detection and Tracking}},
  journal = "TIP",
  volume = "13",
  number = "4",
  pages = "562--572",
  year = 2004
}

%--
%N
%--

@article{Narasimha07,
  author = {{R. Narasimha} and {H. Ouyang} and {A. Gray} and {S. McLaughlin} and {S. Subramaniam}},
  title = {{Automatic Joint Classification and Segmentation of Whole Cell 3D Images}},
  journal = "PR",
  volume = "42",
  number = "2009",
  pages = "1067--1079",
  year = 2007
}

@article{Narasimha09,
  author = {R. Narasimha and H. Ouyang and A. Gray and S.W. McLaughlin and S. Subramaniam},
  title = {{Automatic Joint Classification and Segmentation of Whole Cell 3D Images}},
  journal = "PR",
  volume = "42",
  pages = "1067--1079",
  year = 2009
}

@article{Nguyen08,
  author = {H. Nguyen and Q. Ji},
  title = {{Shape-Driven Three-Dimensional Watersnake Segmentation of Biological Membranes in Electron Tomography}},
  journal = "TMI",
  volume = "27",
  number = "5",
  pages = "616--628",
  year = 2008
}

@inproceedings{Nicolau05,
  author = {S. Nicolau and X. Pennec and L. Soler and N. Ayache},
  title = {{A Complete Augmented Reality Guidance System for Liver Punctures: First Clinical Evaluation}},
  booktitle = "MICCAI'05"
}

%--
%O
%--

@inproceedings{Ortega06,
  author = {M. Ortega and C. Marino and M.G. Penedo and M. Blanco and F. Gonzalez},
  title = {{Biometric Authentication Using Digital Retinal Images}},
  booktitle = {Iternational Conference WESEAS on Applied Computer Science},
  year = 2006
}

%--
%P
%--

@article{Padfield09,
  author = {D. Padfield and J. Rittscher and N. Thomas and B. Roysam},
  title = {{Spatio-Temporal Cell Cycle Phase Analysis Using Level Sets and Fast Marching Methods}},
  journal = "Medical Image Analysis",
  year = 2009
}

@inproceedings{Park97,
  author = {J.S. Park and J.M. Keller},
  title = {{Fuzzy Patch Label Relaxation in Bone Marrow Segmentation}},
  booktitle = "IEEE Conference on Computational Cybernetics and Simulation",
  year = 1997
}

@inproceedings{Patasius09,
  author = {M. Patasius and V. Marozas and D. Jegelevicius and A. Luko≈°eviƒçius},
  title = {{Ranking of Color Space Components for Detection of Blood Vessels in Eye Fundus Images}},
  booktitle = {European Conference of the International Federation for Medical and Biological Engineering},
  year = 2009
}

@article{Perez02,
  author = {M.E. Martinez-Perez and A.D. Highes and A.V. Stanton and S.A. Thorn and N. Chapman and A.A. Bharath and K.H. Parker},
  title = {{Retinal Vascular Tree Morphology: A Semi-Automatic Quantification}},
  journal = "TBME",
  volume = "49",
  number = "8",
  pages = "912--917",
  year = 2002
}

@inproceedings{Perez-Rovira08,
  author = {A. Perez-Rovira and E. Trucco},
  title = {{Robust Optic Disc Location Via Combination of Weak Detectors}},
  booktitle = {Engineering in Medicine and Biology Society Conference},
  year = 2008
}

%--
%R
%--

@article{Rand71,
  author = {W. Rand},
  title = {{Objective Criteria for the Evaluation of Clustering Methods}},
  journal = "Journal of the American Statistical Association",
  year = 1971
}

@article{Rodriguez03,
  author = {A. Rodriguez and D. Ehlenberger and K. Kelliher and M. Einstein and S.C. Henderson and J.H. Morrison and P.R. Hof and S.L. Wearne},
  title = {{Automated Reconstruction of Three-Dimensional Neuronal Morphology from Laser Scanning Microscopy Images}},
  journal = "Methods",
  year = 2003
}

@article{Rodriguez06,
  author = {A. Rodriguez and D. Ehlenberger and P.R. Hof and S.L. Wearne},
  title = {{Rayburst Sampling, an Algorithm for Automated Three-Dimensional Shape Analysis from Laser Scanning Microscopy Images}},
  journal = "Nature protocols",
  year = 2006
}

@article{Rodriguez09,
  author = {A. Rodriguez and D.B. Ehlenberger and P.R. Hof and S.L. Wearne},
  title = {{Three-Dimensional Neuron Tracing by Voxel Scooping}},
  journal = "Journal of Neuroscience Methods",
  year = 2009
}

@inproceedings{Rouchdy08,
  author = {Y. Rouchdy and L.D. Cohen},
  title = {{Image Segmentation by Geodesic Voting. Application to the Extraction of Tree Structures from Confocal Microscope Images}},
  booktitle = "ICPR'08"
}

%--
%S
%--

@inproceedings{Santamaria-Pang07,
  author = {A. Santamar\'{\i}a-Pang and C. M. Colbert and P. Saggau and I.A. Kakadiaris},
  title = {{Automatic Centerline Extraction of Irregular Tubular Structures Using Probability Volumes from Multiphoton Imaging}},
  booktitle = "MICCAI'07"
}

@article{Sato97,
  author = {Y. Sato and S. Nakajima and H. Atsumi and T. Koller and G. Gerig and S. Yoshida and R. Kikinis},
  title = {{3D Multi-Scale Line Filter for Segmentation and Visualization of Curvilinear Structures in Medical Images}},
  journal = "{Medical Image Analysis}",
  year = 1998
}

@article{Sato98,
  author = {Y. Sato and S. Nakajima and H. Atsumi and T. Koller and G. Gerig and S. Yoshida and R. Kikinis},
  title = {{3D Multi-Scale Line Filter for Segmentation and Visualization of Curvilinear Structures in Medical Images}},
  journal = "{Medical Image Analysis}",
  year = 1998
}

@inproceedings{Sato00,
  author = {M. Sato and I. Bitter and M.A. Bender and A.E. Kaufman and M. Nakajima},
  title = {{Teasar: Tree-Structure Extraction Algorithm for Accurate and Robust Skeletons}},
  booktitle = {Pacific Conference on Computer Graphics and Applications},
  year = 2000
}

@article{Schmitt04,
  author = {S. Schmitt and J.-F. Evers and C. Duch and M. Scholz and K. Obermayer},
  title = {{New Methods for the Computer-Assisted 3D Reconstruction of Neurons from Confocal Image Stacks}},
  journal = "NeuroImage",
  year = 2004
}

@article{Shen01,
  author = {H. Shen and B. Roysam and C. V. Stewart and J. N. Turner and H. L. Tanenbaum},
  title = {{Optimal Scheduling of Tracing Computations for Real-Time Vascular Landmark Extraction from Retinal Fundus Images}},
  journal = "TITB",
  volume = "5",
  number = "1",
  pages = "77--91",
  year = 2001
}

@inproceedings{Smereka06,
  author = {M. Smereka and G. Glab},
  title = {{Detection of Pathological Cells in Phase Contrast Cytological Images}},
  booktitle = "Advanced Concepts for Intelligent Vision Systems",
  year = 2006
}

@inproceedings{Socher08,
  author = {R. Socher and A. Barbu and D. Comaniciu},
  title = {{A Learning-Based Hierarchical Model for Vessel Segmentation}},
  booktitle = {IEEE Symposium on Biomedical Imaging: From Nano to Macro},
  year = 2008
}

@inproceedings{Sommer10,
  author = {C. Sommer and C. Straehle and U. Koethe and F. Hamprecht},
  title = {{Interactive Learning and Segmentation Tool Kit}},
  booktitle = "Systems Biology of Human Disease",
  year = 2010
}

@article{Staal04,
  author = {J.J. Staal and M.D. Abramoff and M. Niemeijer and M.A. Viergever and B. van Ginneken},
  title = {{Ridge Based Vessel Segmentation in Color Images of the Retina}},
  journal = "IEEE Transactions on Medical Imaging",
  year = 2004
}

@article{Stephens03,
  author = {D. J. Stephens and V. J. Allan},
  title = {{Light Microscopy Techniques for Live Cell Imaging.}},
  journal = {Science},
  year = 2003
}

@article{Streekstra02,
  author = {G.J. Streekstra and J. van Pelt},
  title = {{Analysis of Tubular Structures in Three-Dimensional Confocal Images}},
  journal = "Network: Computation in Neural Systems",
  year = 2002
}

@inproceedings{Sun07,
  author = {K.Q. Sun and N. Sang and T.X. Zhang},
  title = {{Marked Point Process for Vascular Tree Extraction on Angiogram}},
  booktitle = "CVPR'07"
}

@article{Szymczak06,
  author = {A. Szymczak and A. Stillman and A. Tannenbaum and K. Mischaikow},
  title = {{Coronary Vessel Trees from 3D Imagery: A Topological Approach}},
  journal = "Medical Image Analisys",
  year = 2006
}

%--
%T
%--

@inproceedings{Tasdizen05,
  author = {T. Tasdizen and R. Whitaker and R. Marc and B. Jones},
  title = {{Enhancement of Cell Boundaries in Transmission Electron Microscopy Images}},
  booktitle = "ICIP'05"
}

@article{Thevenaz09,
  author = {P. Th\'evenaz and R. Delgado-Gonzalo and M. Unser},
  title = {{The Ovuscule}},
  journal = "PAMI",
  year = 2010
}

@inproceedings{Tombre99,
  author = {K. Tombre and C. Ah-Soon and P. Dosch and G. Masini and S. Tabbone},
  title = {{Stable and Robust Vectorization: How to Make the Right Choices}},
  booktitle = {GREC},
  year = 1999
}

@article{Trachtenberg02,
  author = {J.T. Trachtenberg and B.E. Chen and G.W. Knott and G. Feng and J.R. Sanes and E. Welker and K Svoboda},
  title = {{Long-Term in Vivo Imaging of Experience-Dependent Synaptic Plasticity in Adult Cortex}},
  journal = {Nature},
  year = 2002
}

@article{Turaga10,
  author = {S.C. Turaga and J.F. Murray and V. Jain and F. Roth and M. Helmstaedter and K. Briggman and W. Denk and H.S. Seung},
  title = {{Convolutional Networks Can Learn to Generate Affinity Graphs for Image Segmentation}},
  journal = "Neural Computation",
  year = 2010
}

@article{Tyrrell07,
  author = {J.A. Tyrrell and E. di Tomaso and D. Fuja and R. Tong and K. Kozak and R.K. Jain and B. Roysam},
  title = {{Robust 3D Modeling of Vasculature Imagery Using Superellipsoids}},
  journal = "Medical Imaging",
  year = 2007
}

%--
%U
%--

@inproceedings{Urban06,
  author = {S. Urban and S.M. O'Malley and B. Walsh and A. Santamar\'{\i}a-Pang and P. Saggau and C. Colbert and I.A. Kakadiaris},
  title = {{Automatic Reconstruction of Dendrite Morphology from Optical Section Stacks}},
  booktitle = {CVAMIA},
  year = 2006
}

%--
%V
%--

@misc{Vakhum,
  author = {European Commission / IST},
  title = {{Virtual Animation of the Kinematics of the Human for Industrial, Educational and Research Purposes}}
}

@article{Vanderhelm95,
  author = {F.C.T. Van der Helm and G.M. Pronk},
  title = {{Three-Dimensional Recording and Description of Motions of the Shoulder Mechanism}},
  journal = "Journal of Biomechanical Engineering",
  year = 1995
}

@inproceedings{Vanderhelm97,
  author = {F.C.T. Van der Helm},
  title = {{A Standardized Protocol for Motion Recordings of the Shoulder}},
  booktitle = "Conference of the International Shoulder Group",
  year = 1997
}

@article{Vasilkoski09,
  author = {Z. Vasilkoski and A. Stepanyants},
  title = {{Detection of the Optimal Neuron Traces in Confocal Microscopy Images}},
  journal = "Journal of Neuroscience Methods",
  year = 2009
}

@inproceedings{Vazquez98,
  author = {L. Vazquez and G. Sapiro and G. Randall},
  title = {{Segmenting Neurons in Electronic Microscopy Via Geometric Tracing}},
  booktitle = "ICIP'98"
}

@inproceedings{Vazquez-Reina09,
  author = {A. Vazquez-Reina and E. Miller and H. Pfister},
  title = {{Multiphase Geometric Couplings for the Segmentation of Neuronal Processes}},
  booktitle = "CVPR'09"
}

@article{Veldpaus88,
  author = {F.E. Veldpaus and H.J. Woltring and L.J.G.M. Dortmans},
  title = {{A Least-Squares Algorithm for the Equiform Transformation from Spatial Marker Co-Ordinates}},
  journal = "Journal of Biomechanics",
  year = 1988
}

@inproceedings{Venkataraju09,
  author = {K.U. Venkataraju and A Paiva and E. Jurrus and T. Tasdizen},
  title = {{Automatic Markup of Neural Cell Membranes Using Boosted Decision Stumps}},
  booktitle = {IEEE Symposium on Biomedical Imaging: From Nano to Macro},
  year = 2009
}

@misc{Virtual-hospital,
  author = {University of Iowa, USA},
  title = {{Virtual Hospital}}
}

@inproceedings{Vitaladevuni08,
  author = {S.N. Vitaladevuni and Y. Mishchenko and A. Genkin and D. Chklovskii and Kristen Harris},
  title = {{Mitochondria Detection in Electron Microscopy Images}},
  booktitle = {Workshop on Microscopic Image Analysis with Applications in Biology},
  year = 2008
}

@inproceedings{Vitaladevuni10,
  author = {S.N. Vitaladevuni and R. Basri},
  title = {{Co-Clustering of Image Segments Using Convex Optimization Applied to EM Neuronal Reconstruction}},
  booktitle = "CVPR'10"
}

@inproceedings{Vu08,
  author = {{N. Vu} and {B. Manjunath}},
  title = {{Graph Cut Segmentation of Neuronal Structures from Transmission Electron Micrographs}},
  booktitle = "ICIP'08"
}

%--
%W
%--

@article{Wang98,
  author = {X. Wang and M. Maurin and F. Mazet and N. De Castro Maia and K. Voinot and J.P. Verriest and M. Fayet},
  title = {{Three-Dimensional Modelling of the Motion Range of Axial Rotation of the Upper Arm}},
  journal = "Journal of Biomechanics",
  year = 1998
}

@article{Wang02b,
  author = {Y . Wang and A. Gupta and M. Toledo-Rodriguez and CZ. Wu and H. Markram},
  title = {{Anatomical, Physiological, Molecular and Circuit Properties of Nest Basket Cells in the Developing Somatosensory Cortex}},
  journal = {Cereb Cortex},
  year = 2002
}

@article{Wang04,
  author = {Y . Wang and M. Toledo-Rodriguez and A. Gupta and C. Wu and G. Silberberg and J. Luo and H. Markram},
  title = {{Anatomical, Physiological and Molecular Properties of Martinotti Cells in the Somatosensory Cortex of the Juvenile Rat}},
  journal = {Journal of Physiology},
  year = 2004
}

@article{Wearne05,
  author = {S.L. Wearne and A. Rodriguez and D.B. Ehlenberger and A.B. Rocher and S.C. Henderson and P.R. Hof},
  title = {{New Techniques for Imaging, Digitization and Analysis of Three-Dimensional Neural Morphology on Multiple Scales}},
  journal = "Neuroscience",
  year = 2005
}

@article{Weaver04,
  author = {C.M. Weaver and P.R. Hof and S.L. Wearne and L.W. Brent},
  title = {{Automated Algorithms for Multiscale Morphometry of Neuronal Dendrites}},
  journal = {Neural Computation},
  year = 2004
}

@article{Weinberg00,
  author = {A.M. Weinberg and I.T. Pietsch and M.B. Helm and J. Hesselbach and H. Tscherne},
  title = {{A New Kinematic Model of Pro- and Supination of the Human Forearm}},
  journal = "Journal of Biomechanics",
  year = 2000
}

@article{Wells96,
  author = {W.M. Wells and P. Viola and H. Atsumi and S. Nakajima and R. Kininis},
  title = {{Multi-Modal Volume Registration by Maximization of Mutual Information}},
  journal = "Medical Image Analysis",
  year = 1996
}

@article{Wonho99,
  author = {W. Oh and W.B. Lindquist},
  title = {{Image Thresholding by Indicator Kriging}},
  journal = "PAMI",
  volume = "21",
  number = "7",
  pages = "590--602",
  year = 1999
}

%--
%X
%--

@inproceedings{Xie10,
  author = {J. Xie and T. Zhao and T. Lee and G. Myers and H. Peng},
  title = {{Automatic Neuron Tracing in Volumetric Microscopy Images With Anisotropic Path Searching}},
  booktitle = "MICCAI'10"
}

@article{Xu09,
  author = {J. Xu and J. Wu and D. Feng and Z. Cui},
  title = {{Dsa Image Blood Vessel Skeleton Extraction Based on Anti-Concentration Diffusion and Level Set Method}},
  journal = {Computational Intelligence and Intelligent Systems},
  year = 2009
}

%--
%Y
%--

@inproceedings{Yang09,
  author = {H. Yang and Y. Choe},
  title = {{3D Volume Extraction of Densely Packed Cells in EM Data Stack by Forward and Backward Graph Cuts}},
  booktitle = "ISBI'09"
}

@inproceedings{Yedidya08,
  author = {T. Yedidya and R. Hartley},
  title = {{Tracking of Blood Vessels in Retinal Images Using Kalman Filter}},
  booktitle = "DICTA'08"
}

%--
%Z
%--

@article{Zana99,
  author = {F. Zana and J.C. Klein},
  title = {{A Multimodal Registration Algorithm of Eye Fundus Images Using Vessels Detection and Hough Transform}},
  journal = "TMI",
  volume = "18",
  number = "5",
  pages = "419--428",
  year = 1999
}

@inproceedings{Zhou08,
  author = {W. Zhou and H. Li and X. Zhou},
  title = {{3D Dendrite Reconstruction and Spine Identification}},
  booktitle = "MICCAI'08"
}

@article{Zimmer02,
  author = {C. Zimmer and E. Labruyerea and V. Meas-Yedid and N. Guillen and J.C. Olivo-Mari},
  title = {{Segmentation and Tracking of Migrating Cells in Videomicroscopy With Parametric Active Contours: A Tool for Cell-Based Drug Testing}},
  journal = "TMI",
  volume = "21",
  pages = "1212--1221",
  year = 2002
}

