@STRING{AI       = "AI"}
@STRING{AAAI     = "AAAI"}
@STRING{ACCV     = "ACCV"}
@STRING{BMVC     = "BMVC"}
@STRING{CA       = "CA"}
@STRING{CAD      = "CAD"}
@STRING{CGA      = "CGI"}
@STRING{CGF      = "CGF"}
@STRING{CGI      = "CGI"}
@string{CGIP     = "CGIP"}
@string{CVGIP    = "CVIP"}
@string{CVGIP:GM = "CVGIP"}
@string{CVGIP:IU = "CVGIP"}
@string{CVIU     = "CVIU"}
@STRING{CVPR     = "CVPR"}
@STRING{DAGM     = "DAGM"}
@STRING{DICTA    = "DICTA"}
@STRING{ECAI     = "ECAI"}
@STRING{EG       = "EG"}
@STRING{FGR      = "FGR"}
@STRING{IROS     = "IROS"}
@STRING{ISCIS    = "ISCIS"}
@STRING{ECCV     = "ECCV"}
@STRING{ECML     = "ECML"}
@STRING{IAPRS    = "IAPRS"}
@STRING{ICANN    = "ICANN"}
@STRING{ICASSP   = "ICASSP"}
@STRING{ICCV     = "ICCV"}
@STRING{ICIAP    = "ICIAP"}
@STRING{ICPR     = "ICPR"}
@STRING{ICIP     = "ICIP"}
@STRING{ICML     = "ICML"}
@STRING{ICME     = "ICME"}
@STRING{ICRA     = "ICRA"}
@STRING{IJCV     = "IJCV"}
@STRING{IJMI     = "IJMI"}
@STRING{IJPRAI   = "IJPRAI"}
@STRING{IJCAI    = "IJCAI"}
@STRING{IJPRS    = "IJPRS"}
@STRING{IJRR     = "IJRR"}
@STRING{ISBI     = "ISBI"}
@STRING{ISMAR    = "ISMAR"}
@STRING{ISPRS    = "ISPRS"}
@STRING{IU       = "DARPA IUW"}
@STRING{IVC      = "IVC"}
@STRING{JIVC     = "JIVC"}
@STRING{JMLR     = "JMLR"}
@STRING{JRA      = "JRA"}
@STRING{JVCA     = "JVCA"}
@STRING{KDD      = "KDD"}
@STRING{MICCAI   = "MICCAI"}
@STRING{RFIA     = "RFIA"}
@STRING{SCA      = "SCA"}
@STRING{SPIE     = "SPIE"}
@STRING{SIGGRAPH = "SIGGRAPH"}
@STRING{SMC      = "SMC"}
@STRING{PAMI     = "PAMI"}
@STRING{PETS     = "PETS"}
@STRING{VCG      = "VCG"}
@STRING{PERS     = "JPERS"}
@STRING{PR       = "PR"}
@STRING{PRL      = "PRL"}
@STRING{RSS      = "RSS"}
@STRING{MVA      = "MVA"}
@STRING{NIPS     = "NIPS"}
@STRING{TITB     = "TITB"}
@STRING{TBME     = "TBE"}
@STRING{TMI      = "TMI"}
@STRING{TOG      = "TOG"}
@STRING{VISU     = "VC"}
@STRING{VRST     = "VRST"}
