@STRING{AI       = "Artificial Intelligence"}
@STRING{AAAI     = "American Association for Artificial Intelligence Conference"}
@STRING{ACCV     = "Asian Conference on Computer Vision"}
@STRING{AISTATS  = "International Conference on Artificial Intelligence and Statistics"}
@STRING{AVSS     = "International Conference on Advanced Video and Signal Based Surveillance"}
@STRING{BMVC     = "British Machine Vision Conference"}
@STRING{CA       = "Computer Animation"}
@STRING{CACM     = "Communications of the ACM"}
@STRING{CAD      = "Computer Aided Design Journal"}
@STRING{CGA      = "Computer Graphics and Applications"}
@STRING{CGF      = "Computer Graphics Forum"}
@STRING{CGI      = "Computer Graphics International"}
@string{CGIP     = "Computer Graphics and Image Processing"}
@string{COLT     = "Conference on Computational Learning Theory"}
@string{CORR     = "Computing Research Repository"}
@string{CPAM     = "Communications on Pure and Applied Mathematics"}
@string{CVGIP    = "Computer Vision, Graphics, and Image Processing"}
@string{CVGIP:GM = "Computer Vision, Graphics, and Image Processing: Graphical Models and Image Processing"}
@string{CVGIP:IU = "Computer Vision and Image Understanding"}
@string{CVIU     = "Computer Vision and Image Understanding"}
@STRING{CVPR     = "Conference on Computer Vision and Pattern Recognition"}
@STRING{CVWW     = "Computer Vision Winter Workshop"}
@STRING{DAGM     = "DAGM Symposium on Pattern Recognition"}
@STRING{DICTA    = "Digital Image Computing: Techniques and Applications"}
@STRING{ECAI     = "European Conference on Artificial Intelligence"}
@STRING{ECCV     = "European Conference on Computer Vision"}
@STRING{ECML     = "European Conference on Machine Learning"}
@STRING{EG       = "Eurographics"}
@STRING{FGR      = "Automated Face and Gesture Recognition"}
@STRING{IAPRS    = "International Archives of Photogrammetry and Remote Sensing"}
@STRING{ICANN    = "International Conference on Artificial Neural Networks"},
@STRING{ICASSP   = "International Conference on Acoustics, Speech, and Signal Processing"}
@STRING{ICCV     = "International Conference on Computer Vision"}
@STRING{ICCVTA   = "International Conference on Computer Vision Theory and Applications"}
@STRING{ICIAP    = "International Conference on Image Analysis and Processing "}
@STRING{ICIP     = "International Conference on Image Processing"}
@STRING{ICML     = "International Conference on Machine Learning"}
@STRING{ICME     = "International Conference on Multimedia and Expo"}
@STRING{ICPR     = "International Conference on Pattern Recognition"}
@STRING{ICRA     = "International Conference on Robotics and Automation"}
@STRING{ICVGIP   = "Indian Conference on Computer Vision, Graphics and Image Processing"}
@STRING{IJBI     = "International Journal of Biomedical Imaging"}
@STRING{IJCAI    = "International Joint Conference on Artificial Intelligence"}
@STRING{IJCV     = "International Journal of Computer Vision"}
@STRING{IJMI     = "International Journal of Medical Informatics"}
@STRING{IJPRAI   = "International Journal of Pattern Recognition and Artificial Intelligence"}
@STRING{IJRR     = "International Journal of Robotics Research"}
@STRING{IJPRS    = "International Journal of Photogrammetry and Remote Sensing"}
@STRING{IROS     = "International Conference on Intelligent Robots and Systems "}
@STRING{ISBI     = "International Symposium on Biomedical Imaging"}
@STRING{ISMAR    = "International Symposium on Mixed and Augmented Reality"}
@STRING{ISCIS    = "International Symposium on Computer and Information Sciences"}
@STRING{ISPRS    = "International Society for Photogrammetry and Remote Sensing"}
@STRING{IU       = "DARPA Image Understanding Workshop"}
@STRING{IVC      = "Image and Vision Computing"}
@STRING{JIVC     = "Journal of Image and Vision Computing"}
@STRING{JMIV     = "Journal of Mathematical Imaging and Vision"}
@STRING{JMLR     = "Journal of Machine Learning Research"}
@STRING{JRA      = "Journal of Robotics and Automation"}
@STRING{JSB      = "Journal of Structural Biology"}
@STRING{JVCA     = "Journal of Visualization and Computer Animation"}
@STRING{KDD      = "Conference on Knowledge Discovery and Data Mining "}
@STRING{MEDIA    = "Medical Image Analysis"}
@STRING{MICCAI   = "Conference on Medical Image Computing and Computer Assisted Intervention"}
@STRING{MIV      = "Journal of Mathematical Imaging and Vision"}
@STRING{ML       = "Machine Learning"}
@STRING{MVA      = "Machine Vision and Applications"}
@STRING{NATURE   = "Nature"}
@STRING{NATMET   = "Nature Methods"}
@STRING{NIPS     = "Advances in Neural Information Processing Systems"}
@STRING{NORDIA   = "CVPR Workshop on Non-Rigid Shape Analysis and Deformable Image Alignment"}
@STRING{PAMI     = "IEEE Transactions on Pattern Analysis and Machine Intelligence"}
@STRING{PERS     = "Journal of Photogrammetry Engineering and Remote Sensing"}
@STRING{PETS     = "IEEE International Workshop on Performance Evaluation of Tracking and Surveillance"}
@STRING{PIEEE    = "Proceedings of the IEEE"}
@STRING{PNAS     = "Proceedings of the National Academy of Sciences USA"}
@STRING{PR       = "Pattern Recognition"}
@STRING{PRL      = "Pattern Recognition Letters"}
@STRING{PRSB     = "Proceedings Royal Society London, Biology" }
@STRING{RFIA     = "Reconnaissance des Formes et Intelligence Artificielle"}
@STRING{RSS      = "Robotics: Science and Systems Conference"}
@STRING{SCIA     = "Scandinavian Conference on Image Analysis"}
@STRING{SCIENCE  = "Science"}
@STRING{SCA      = "ACM Symposium on Computer Animation"}
@STRING{SIGGRAPH = "ACM SIGGRAPH"}
@STRING{SMC      = "IEEE Transactions on Systems, Man, and Cybernetics"}
@STRING{SPIE     = "SPIE"}
@STRING{VCG      = "IEEE Transactions on Visualization and Computer Graphics"}
@STRING{TBME     = "IEEE Transactions on Biomedical Engineering"}
@STRING{TIP      = "IEEE Transactions on Image Processing"}
@STRING{TIT      = "IEEE Transactions on Information Theory"}
@STRING{TITB     = "Transactions on Information Technology in Biomedicine"}
@STRING{TMI      = "IEEE Transactions on Medical Imaging"}
@STRING{TMS      = "ACM Transactions on Mathematical Software"}
@STRING{TOG      = "ACM Transactions on Graphics"}
@STRING{VISU     = "IEEE Visualization Conference"}
@STRING{VRST     = "ACM Symposium on Virtual Reality Software and Technology"}
@STRING{VMW      = "International Workshop on Vision, Modeling and Visualization"}
