
%--
%A
%--

@inproceedings{Abe98,
 author = {N. Abe and H. Mamitsuka},
 title = {Query Learning Strategies Using Boosting and Bagging},
 booktitle = ICML,
 year = {1998}
} 

@inproceedings{Alvarez09,
 author = {M. Alvarez and D. Luengo and N. Lawrence},
 title = {Latent Force Models},
 booktitle = "AISTATS",
 year = {2009}
}

@inproceedings{Aytar11,
  author = {Y. Aytar and A. Zisserman},
  title = {{Tabula Rasa: Model Transfer for Object Category Detection}},
  booktitle = ICCV,
  year = {2011}
}

%--
%B
%--

@ARTICLE{Bruzzone10,
  author = {L. Bruzzone and M. Marconcini},
  title = {{Domain Adaptation Problems: a DASVM Classification Technique and a Circular Validation Strategy}},
  journal = PAMI,
  year = {2010},
  volume = 32,
  number = 5
}

@article{Balcan06,
 author = {M-F. Balcan and A. Blum and S. Vempala},
 title = {Kernels as features: On kernels, margins, and low-dimensional mappings},
 journal = {Mach. Learn.},
 volume = {65},
 issue = {1},
 year = {2006},
 pages = {79--94},
} 

@article{Balcan09,
title = "Agnostic active learning",
author = {M-F. Balcan and A. Beygelzimer and J. Langford},
journal = "Journal of Computer and System Sciences",
volume = "75",
number = "1",
pages = "78 - 89",
year = "2009"
}

@article{Besag74,
  journal       = {J. Royal Stat. Soc., B},
  author        = {J.E. Besag},
  title         = {Spatial Interaction and the Statistical Analysis of Lattice Systems},
  volume        = {36},
  year          = {1974},
  number        = {2}
}

@article{Besag75,
  author={J. Besag},
  title={Statistical Analysis of Non-Lattice Data},
  volume={24},
  number={3},
  journal={The Statistician},
  year={1975},
  pages={179--195}
}

@inproceedings{Blum98,
 author = {A. Blum  and T. Mitchell},
 title = {Combining Labeled and Unlabeled Data with Co-Training},
 booktitle = COLT,
 year = {1998},
 pages = {92â€“-100},
}

@inproceedings{Boser92,
 author = {B.E. Boser and I.M. Guyon and V.N. Vapnik},
 title = {A training algorithm for optimal margin classifiers},
 booktitle = COLT,
 year = {1992},
 pages = {144--152},
} 

%--
%C
%--

@article{Chapelle11,
  title={Boosted multi-task learning},
  author={O. Chapelle and P. Shivaswamy and S. Vadrevu  and  K. Weinberger  Y. Zhang and B. Tseng},
  journal= ML,
  year={2011}
}


@ARTICLE{Caruana97,
  author = {R. Caruana},
  title = {Multitask learning},
  journal = ML,
  year = {1997},
  volume = {28}
}


@article{Cohn94,
   author = {D. Cohn and L. Atlas and R. Ladner},
   title = {Improving Generalization with Active Learning},
   journal = {Machine Learning},
   pages = {201-221},
   volume = {15},
   issue = {2},
   year = {1994}
}

%--
%D
%--

@inproceedings{Dai07,
  title={Boosting for transfer learning},
  author={Dai, W. and Yang, Q. and Xue, G.R. and Yu, Y.},
  booktitle={Machine learning},
  pages={193--200},
  year={2007}
}

@inproceedings{Dasgupta08a,
 title = {A general agnostic active learning algorithm},
 author = {S. Dasgupta and D. Hsu and C. Monteleoni},
 booktitle = NIPS,
 year = {2008}
}

@inproceedings{Dasgupta08b,
 author = {S. Dasgupta and D. Hsu},
 title = {Hierarchical sampling for active learning},
 booktitle = ICML,
 year = {2008}
} 

%--
%E
%--

@inproceedings{Ek07,
  author = {C.H. Ek and P. Torr and N. Lawrence},
  title = {{Gaussian Process Latent Variable Models for Human Pose Estimation}},
  booktitle = {Joint Workshop on Machine Learning and Multimodal Interaction},
  year = 2007
}


@inproceedings{Evgeniou04,
  author = {T. Evgeniou and M. Pontil},
  title = {{Regularized Multi Task Learning}},
  booktitle = KDD,
  year = {2004}
}

@ARTICLE{Evgeniou05,
  author = {T. Evgeniou and C.A. Micchelli and M. Pontil},
  title = {{Learning Multiple Tasks with Kernel Methods}},
  journal = JMLR,
  year = {2005},
  volume = {6}
}


%--
%F
%--

@inproceedings{Faddoul10,
  title={Boosting multi-task weak learners with applications to textual and social data},
  author={Faddoul, J.B. and Chidlovskii, B. and Torre, F. and Gilleron, R.},
  booktitle={Machine Learning and Applications (ICMLA), 2010 Ninth International Conference on},
  year={2010}
}

@Inproceedings{Finley07,
	author = {T. Finley and T. Joachims},
	title = {Parameter Learning for Loopy {Markov} Random Fields with Structural Support Vector Machines},
	year = {2007},
	booktitle = {{ICML} Workshop on Constrained Optimization and Structured Output Spaces}
}

@InProceedings{Finley08,
  author = 	 {Thomas Finley and Thorsten Joachims},
  title = 	 {Training Structural {SVMs} when Exact Inference is Intractable},
  booktitle =	 ICML,
  year =	 {2008}
}


%--
%G
%--

@inproceedings{Gehler09,
  author = {P.V. Gehler and S. Nowozin},
  title = {{Let the Kernel Figure it Out: Principled Learning of Pre-processing for Kernel Classifiers}},
  booktitle = CVPR,
  year = {2009}
}

@inproceedings{Gong12,
  author = {B. Gong and  Y. Shi and F. Sha and K. Grauman},
  title = {{Geodesic Flow Kernel for Unsupervised Domain Adaptation}},
  booktitle = {CVPR},
  year = {2012}
}

@inproceedings{Gopalan11,
  author = {R. Gopalan and R. Li and R. Chellappa},
  title = {{Domain Adaptation for Object Recognition: An Unsupervised Approach}},
  booktitle = ICCV,
  year = {2011}
}

%--
%H
%--

@inproceedings{Hazan10,
 author = {Tamir Hazan and Raquel Urtasun},
 title = {A primal-dual message-passing algorithm for approximated large scale structured prediction},
 booktitle = NIPS,
 year = {2010}
}

@article{Hinton97,
  author = {G.E. Hinton and P. Dayan and M. Revow},
  title = {{Modeling the Manifolds of Images of Handwritten Digits}},
  journal = {IEEE Transactions of Neural Networks},
  volume = "8",
  number = "1",
  pages = "65--74",
  year = 1997
}

@inproceedings{Hinton99,
  author = {G. E. Hinton},
  title = {{Products of Experts}},
  booktitle = ICANN,
  pages = "1--6",
  year = 1999
}

@inproceedings{Hinton01,
  author = {G.E. Hinton and M. Welling and Y.W. Teh and S.K. Osindero},
  title = {{A New View of Ica}},
  booktitle = {International Inproceedings on Independent Analysis and Blind Source Separation},
  year = 2001
}

@article{Hinton02a,
  author = {G.E. Hinton},
  title = {{Training Products of Experts by Minimizing Contrastive Divergence}},
  journal = {Neural Computation},
  volume = "14",
  pages = "1771--1800",
  year = 2002
}

@article{Hinton06a,
  author = {G.E. Hinton and S. Osindero and Y. Teh},
  title = {{A Fast Learning Algorithm for Deep Belief Nets}},
  journal = {Neural Computation},
  volume = "18",
  pages = "1391--1415",
  year = 2006
}

@article{Hinton06b,
  author = {G. Hinton and R. Salakutdinov},
  title = {{Reducing the Dimensionality of Data with Neural Networks}},
  journal = SCIENCE,
  year = 2006
}

@article{Hoeffding63,
  author =       "W. Hoeffding",
  title =        "Probability Inequalities for Sums of Bounded Random Variables",
  journal =      "Journal of the American Statistical Association",
  year =         "1963",
  volume =    "58",
  number =    "301",
  pages =     "13--30",
  month =     "March",
}

%--
%J
%--

@article{Jebara11,
  author = {T. Jebara},
  title = {{Multitask Sparsity via Maximum Entropy Discrimination}},
  journal = JMLR,
  year = {2011},
  volume = {12}
}

@inproceedings{Jie11,
  author = {L. Jie and T. Tommasi and B. Caputo},
  title = {{Multiclass Transfer Learning from Unconstrained Priors}},
  booktitle = ICCV,
  year = {2011}
}

@InCollection{Joachims99,
  author        = {T. Joachims},
  editor        = {B. Sch{\"o}lkopf and C. Burges and A. Smola},
  title         = {{Making large-Scale {SVM} Learning Practical}},
  year          = {1999},
  booktitle     = {{Advances in Kernel Methods - Support Vector Learning}},
  chapter =	 {11},
  pages =	 {169--184},
  publisher =	 {MIT Press}
}


%--
%K
%--

@inproceedings{Kovashka10,
  author = {A. Kovashka and K. Grauman},
  title = {Learning a Hierarchy of Discriminative Space-Time Neighborhood Features
	for Human Action Recognition},
  booktitle = CVPR,
  year = {2010}
}

@inproceedings{Kulis11,
  author = {B. Kulis and K. Saenko and T. Darrell},
  title = {What You Saw is Not What You Get: Domain Adaptation Using Asymmetric Kernel Transforms},
  booktitle = CVPR,
  year = {2011}
}


%--
%L
%--

@inproceedings{Ladicky11,
  author = {L. Ladicky and P.H.S. Torr},
  title = {{Locally Linear Support Vector Machines}},
  booktitle = {ICML},
  year = 2011
}

@InProceedings{lafferty01,
  author        = {J. Lafferty and A. McCallum and F. Pereira},
  title         = {Conditional Random Fields: {Probabilistic} Models for Segmenting and Labeling Sequence Data},
  year          = {2001},
  booktitle     = ICML,
}

@inproceedings{Lafferty04,
  author = {J. Lafferty and X. Zhu and Y. Liu},
  title = {Kernel Conditional Random Fields: Representation and Clique Selection},
  booktitle = ICML,
  year = {2004}
}

@incollection{Lawrence03,
  author = {N. D. Lawrence and M. Seeger and R. Herbrich},
  title = {{Fast Sparse Gaussian Process Methods: the Informative Vector Machine}},
  booktitle = NIPS,
  publisher = {MIT Press},
  pages = "609--616",
  year = 2003
}

@incollection{Lawrence04,
  author = {N. D. Lawrence},
  title = {{Gaussian Process Models for Visualisation of High Dimensional Data}},
  booktitle = NIPS,
  publisher = {MIT Press},
  year = 2004
}

@article{Lawrence05a,
  author = {N. D. Lawrence},
  title = {{Probabilistic Non-Linear Principal Component Analysis with Gaussian Process Latent Variable Models}},
  journal = JMLR,
  volume = "6",
  pages = "1783--1816",
  year = 2005
}

@inproceedings{Lawrence05b,
  author = {N. D. Lawrence and M. I. Jordan},
  title = {{Semi-Supervised Learning via Gaussian Processes}},
  booktitle = NIPS,
  pages = "753--760",
  year = 2005
}

@inproceedings{Lawrence07a,
  author = {N. D. Lawrence},
  title = {{Learning for Larger Datasets with the Gaussian Process Latent Variable Model}},
  booktitle = {International Workshop on Artificial Intelligence and Statistics},
  year = 2007
}

@inproceedings{Lawrence07b,
  author = {N.D. Lawrence and A.J. Moore},
  title = {{Hierarchical Gaussian Process Latent Variable Models}},
  booktitle = ICML,
  pages = "481--488",
  year = 2007
}

@inbook{LeCun98b,
  author = {Y. LeCun and L. Bottou and G.B. Orr and K.R. M\"{u}ller},
  title = {{Neural Networks: Tricks of the Trade}},
  chapter = {{Efficient Backprop}},
  publisher = {Springer},
  year = 1998
}

@InProceedings{Lecun05,
  author        = {Y. LeCun and F.J. Huang},
  title         = {Loss Functions for Discriminative Training of Energy-Based Models},
  year          = {2005},
  booktitle     = {AIStats},
}

@inproceedings{Lewis94,
 author = {D. D. Lewis and W. A Gale},
 title = {A sequential algorithm for training text classifiers},
 booktitle = {ACM SIGIR Inproceedings on Research and Development in Information Retrieval},
 year = {1994}
}


@article{Schapire99,
   author = {R.E. Schapire  and Y. Singer},
   title = {Improved Boosting Algorithms Using Confidence-rated Predictions},
   journal = ML,
   pages = {297-336},
   volume = {37},
   issue = {3},
   year = {1999}
}



@inproceedings{Lewis98,
  author = {David D. Lewis},
  title = {{Naive (Bayes) at Forty: The Independence Assumption in Information Retrieval}},
  booktitle = ECML,
  year = {1998},
  pages = {4--15},
}

%--
%M
%--

@inproceedings{Mcallester10,
  author = {D. Mcallester and T. Hazan and J. Keshet},
  title = {Direct Loss Minimization for Structured Prediction},
  booktitle = NIPS,
  year = 2010
}

@inproceedings{Moschitti11,
  author = {M. Aliaksei and A. Severyn},
  title = {Fast Support Vector Machines for Structural Kernels},
  booktitle = ECML,
  year = 2011
}


%--
%O
%--


@ARTICLE{Obozinski10,
  author = {G. Obozinski and B. Taskar and M.I. Jordan},
  title = {{Joint Covariate Selection and Joint Subspace Selection for Multiple	Classification Problems}},
  journal = {Statistical Computing},
  year = {2010},
  volume = {20}
}


%--
%P
%--


@ARTICLE{Pan10,
  author = {S.J. Pan and Q. Yang},
  title = {{A Survey on Transfer Learning}},
  journal = {IEEE trans. on knowledge and data engineering},
  year = {2010},
  volume = {22}
}


@INBOOK{Poggio01,
  chapter = {Chapter 11},
  pages = {131-141},
  title = {Uncertainty in Geometric Computations},
  publisher = {Kluwer Academic Publishers},
  year = {2001},
  author = {T. Poggio and S. Mukherjee and R. Rifkin and A. Rakhlin and A. Verri},
  booktitle = {{Inproceedings on Uncertainty in Geometric Computations}}
}


@book{Platt98,
  author = {J.C. Platt},
  title = {Sequential Minimal Optimization: A Fast Algorithm for Training Support Vector Machines},
  publisher = {MIT Press},
  year = {1998},
  pages={185--208}
}

%--
%Q
%--

@article{Quinonero03,
author = {J. Quinonero-Candela and S. T. Roweis},
title = {Data Imputation and Robust Training with Gaussian Processes},
year = {2003}
}


%--
%R
%--

@inproceedings{Rahimi07,
  author = {A. Rahimi and B. Recht},
  title = {Random features for large-scale kernel machines},
  booktitle = {NIPS},
  year = {2007}
}

@inproceedings{Ratliff06,
  author = {N.D. Ratliff and J.A. Bagnell and M.A. Zinkevich},
  title = {{Maximum margin planning}},
  booktitle = ICML,
  year = {2006}
}

@inproceedings{Ratliff07,
  author = {N.D. Ratliff and J. Andrew Bagnell and M.A. Zinkevich},
  title = {{(Online) Subgradient Methods for Structured Prediction}},
  booktitle = {AISTATS},
  year = 2007
}

%--
%S
%--


@inproceedings{Schweikert08,
  author = {G. Schweikert and C. Widmer and B. Scholkopf and G. Ratsch},
  title = {{An Empirical Analysis of Domain Adaptation Algorithms for Genomic Sequence Analysis}},
  booktitle = NIPS,
  year = {2008}
}


@inproceedings{Seung92,
 author = {H. S. Seung and M. Opper and H. Sompolinsky},
 title = {{Query by Committee}},
 booktitle = {Workshop on Computational Learning Theory},
 year = {1992}
}

@article{Shalev-Shwartz11,
 author = {Shalev-Shwartz, Shai and Singer, Yoram and Srebro, Nathan and Cotter, Andrew},
 title = {Pegasos: primal estimated sub-gradient solver for SVM},
 journal = {Math. Program.},
 volume = {127},
 number = {1},
 month = mar,
 year = {2011},
 pages = {3--30},
}

@book{Shor85,
 author = {Shor, N. Z. and Kiwiel, Krzysztof C. and Ruszcay\`{n}ski, Andrzej},
 title = {Minimization methods for non-differentiable functions},
 year = {1985},
 isbn = {0-387-12763-1},
 publisher = {Springer-Verlag New York, Inc.},
 address = {New York, NY, USA},
}

@InProceedings{Tsochantaridis04,
  author        = {I. Tsochantaridis and T. Hofmann and T. Joachims and Y. Altun},
  title         = {{Support Vector Machine Learning for Interdependent and Structured Output Spaces}},
  year          = {2004},
  booktitle     = ICML
}

%--
%T
%--

@inproceedings{Tommasi10,
  author = {T. Tommasi and F. Orabona and B. Caputo},
  title  = {{Safety in Numbers: Learning Categories from Few Examples with Multi Model Knowledge Transfer}},
  booktitle = CVPR,
  year = {2010}
}


@InProceedings{Taskar03,
  author        = {B. Taskar and  C. Guestrin and D. Koller},
  title         = {Max-Margin {Markov} Networks},
  year          = {2003},
  booktitle     = NIPS
}

@inproceedings{Taskar05,
 author = {B. Taskar and V. Chatalbashev and D. Koller and C. Guestrin},
 title = {Learning structured prediction models: a large margin approach},
 booktitle = ICML,
 year = {2005}
}

@article{Taskar06,
  author = {B. Taskar and S. Lacoste-julien and M.I. Jordan},
  title = {Structured prediction, dual extragradient and Bregman projections},
  journal = JMLR,
  year = {2006},
  volume = {7},
  pages = {1627--1653}
}

%--
%V
%--

@Book{Vapnik98,
  author        = {V Vapnik},
  title         = {Statistical Learning Theory},
  address       = {New York},
  year          = {1998},
  publisher     = {Wiley-Interscience}
}

@article{Vedaldi11,
  author = {A. Vedaldi and A. Zisserman},
  title = {Efficient Additive Kernels via Explicit Feature Maps},
  journal = PAMI,
  year = {2011}
}


@inproceedings{Vezhnevets11,
  author = {Alexander Vezhnevets and Joachim M. Buhmann},
  title = {Agnostic Domain Adaptation},
  booktitle = {DAGM},
  year = {2011},
}


@article{Volkovs11,
  author = {M. Volkovs and H. Larochelle and R.S. Zemel},
  journal = CORR,
  title = {Loss-sensitive Training of Probabilistic Conditional Random Fields},
  volume = {abs/1107.1805},
  year = 2011,
}

%--
%W
%--

@inproceedings{Wick11,
  author = {M. Wick and K. Rohanimanesh and K. Bellare and A. Culotta and A. McCallum},
  booktitle = ICML,
  title = {{SampleRank: training factor graphs with atomic gradients}},
  year = {2011}
}

%--
%Y
%--

@article{Yao10b,
  title={Boosting for transfer learning with multiple sources},
  author={Y. Yao and G. Doretto},
  journal=CVPR,
  year={2010}
}

@InProceedings{Yu08,
  author = 	 {C.-N.J. Yu and T. Joachims},
  title = 	 {Training Structural SVMs with Kernels Using Sampled Cuts},
  booktitle =	 KDD,
  year =	 {2008}
}


