%--
%A
%--

@Book{Atkinson96,
  author = 	 {K. B. Atkinson},
  title = 	 {{Close Range Photogrammetry and Machine Vision}},
  publisher = 	 {Whittles Publishing},
  year = 	 {1996}
}



@article{Apuzzo98,
author   = "N. D'Apuzzo",
title    = {{Automated Photogrammetric Measurement of Human Faces}},
journal  = "International Archives of Photogrammetry and Remote Sensing",
address  = "Hakodate, Japan",
month    = "June",
year     = 1998,
volume   = 32,
number   = "B5",
pages    = "402-407"
}

@inproceedings{Apuzzo99,
author   = "N. D'Apuzzo and R. Pl{\"a}nkers and P. Fua and A. Gruen and D. Thalmann",
title    = {{Modeling Human Bodies from Video Sequences}},
booktitle= "Electronic Imaging, SPIE Photonics West Symposium",
address  = "San Jose, CA",
month    = "January",
year     = 1999
} 

@article{Apuzzo00,
        author = {N. D'Apuzzo and R. Pl{\"a}nkers and P. Fua},
        title = {Least Squares Matching Tracking Algorithm for Human Body Modeling},
        journal = IAPRS,
        year = 2000,
        volume = 33,
        number = {B5/1},
        pages = {164-171}
}

@inproceedings{Apuzzo01,
	author = {N. D'Apuzzo},
	title = {Motion capture from multi image video sequence},
	booktitle = "International Society of Biomechanics",
	year = 2001,
	address = {Zurich, Switzerland}
}

@inproceedings{Apuzzo02a,
        author = {N. D'Apuzzo},
        title = {Modeling Human Faces with Multi-Image Photogrammetry},
        booktitle = {Three-Dimensional Image Capture and Applications V, Proc. of SPIE},
        year = 2002,
        address = {San Jose, USA},
        volume = {4661},
}

@article{Apuzzo02b,
	author = {N. D'Apuzzo},
	title = {Surface Measurement and Tracking of Human Body Parts from Multi-Image Video Sequences},
	journal = {ISPRS Journal of Photogrammetry and Remote Sensing},
	year = 2002,
	volume = 56,
	number = 4
}

@PhdThesis{Apuzzo03,
  author = 	 {N. D'Apuzzo},
  title = 	 {{Surface Measurement and Tracking of Human Body Parts from Multi Station Video Sequences}},
  school = 	 {ETHZ},
  year = 	 {2003}
}

%--
%B
%--

@Book{Bartels87,
  author = 	 {R. Bartels  and R. H., Beatty},
  title = 	 {{An Introduction to Splines for Use in Computer Graphics and Geometric Modeling}},
  publisher = 	 {Morgan Kaufmann},
  year = 	 {1987}
}

@Book{Bellman62,
  author = 	 {R. Bellman and S. Dreyfus},
  title = 	 {{Applied Dynamic Programming}},
  publisher = 	 {Princeton University Press},
  year = 	 {1962}
}

@article{Bhatia94,
author   = "G. Bhatia and K. E. Smith and P. K. Commean and J. Whitestone and M. W. Vannier",
title    = {{Design of a Multisensor Optical Surface Scanner}},
journal  = "Sensor Fusion VII, SPIE",
address  = "Boston, USA",
year     = 1994,
volume   = 2355,
pages    = "262-273"
}

@article{Brown71,
author   = "D. Brown",
title    = {{Close-Range Camera Calibration}},
journal  = "Photogrammetric Engineering and Remote Sensing",
year     = 1971,
volume   = 37,
number   = 8,
pages    = "855--866"
}

%--
%C
%--

%--
%D
%--

@article{Daanen97,
author   = "H. Daanen and M. A. Brunsman and S. E. Taylor and J. H. Nurre",
title    = {{Accuracy problems in whole body scanneing}},
journal  = "IST/SPIE's Symposium of Electronic Imaging",
year     = 1997,
volume   = 3023
}

@article{Deusch99,
author   = "S. Deusch and H. Merava and T. Dracos and T.Rys",
title    = {{Measurement of Velocity Derivaties Based on Pattern Tracking in 3-D LIF Images}},
journal  = "Journal of Fluid Mechanics",
year     = 1999,
publisher= "Cambridge University Press"
}

@article{Ebner98,
author   = "H. Ebner and C. Heipke",
title    = {{Integration of digital image matching and object surface reconstruction}},
journal  = "International Archives of Photogrammetry and Remote Sensing",
year     = 1998,
volume   = 27,
number   = "B11",
pages    = "534--545"
}

#-
#G
#-

@Article{Gruen85,
  author = 	 {A. Gruen},
  title = 	 {Adaptive least squares correlation: a powerful image matching technique},
  journal = 	 {South African Journal of Photogrammetry},
  year = 	 1985,
  volume =	 14,
  number =	 3,
  pages =	 {175--187}
}

@Article{Gruen85a,
  author = 	 {A. Gruen},
  title = 	 {{Adaptive Least Squares Correlation: a Powerful Image Matching Technique}},
  journal = 	 "South African Journal of Photogrammetry, Remote Sensing and Cartography",
  number =       14,
  volume =       "3",	  	   
  year = 	 {1985},
  pages = 	 {175--187}
}

@InProceedings{Gruen85b,
  author = 	 {A. Gruen and M. Baltsavias},
  title = 	 {{Adaptive Least Squares Correlation with Geometrical Constraints}},
  booktitle = 	 "SPIE Proceedings of Computer Vision for Robots",
  volume =       595,
  year = 	 {1985},
  pages = 	 {72--82}
}

@Article{Gruen88a,
  author = 	 "A. Gruen and M. Baltsavias",
  title = 	 {{Geometrically Constained Multiphoto Matching}},
  journal = 	 "Photogrammetric Engineering and Remote Sensing",
  year = 	 1988,
  volume = 	 54,
  number = 	 5,
  pages =        "633-641"
}

@inproceedings{Gruen89,
  author = 	 {A. Gruen and E.P. Baltsavias},
  title = 	 {Automatic 3--D measurement of human faces with CCD-cameras},
  booktitle = 	 {Proc. of SPIE},
  year = 	 1989,
  volume =	 1030
}
 
@inproceedings{Gruen92a,
author   = "A. Gruen and H.A. Beyer",
title    = {{System Calibration through Self-Calibration}},
booktitle= "Calibration and Orientation of Cameras in Computer Vision",
address  = "Washington D.C.",
month    = "August",
year     = 1992
}



@InBook{Gruen96a,
  author = 	 {A.Gruen},
  title = 	 {{Three-Dimensional Velocity and Vorticity Measuring and Image Analysis Techniques}},
  chapter = 	 {{Videogrammetry: Methodology and PTV/LIF Applications}},
  publisher = 	 "Kluwer Acad. Publ. ERCOFAC Series",
  year = 	 1996,
  OPTeditor = 	 "T. Dracos",
  pages = 	 "161--190",
}

@inproceedings{Gruen03,
author   = "A. Gruen and F. Remondino and L. Zhang",
title    = {{Image-Based Automated Reconstruction of the Great Buddha of Bamiyan, Afghanistan}},
booktitle= "CVPR Workshop on Applications of Computer Vision in Archeology",
address  = "Madison, WI",
month    = "June",
year     = 2003
}

@Article{Helava88,
  author = 	 {U.V. Helava},
  title = 	 {{Object-Space Least-Square Correlation}},
  journal = 	 {Photogrammetric Engineering and Remote Sensing},
  year = 	 {1988},
  volume = 	 {54},
  number = 	 {6},
  pages = 	 {711--714}
}

@PhdThesis{Li97a,
  author = 	 {H. Li},
  title = 	 {{Semi-Automated Road Extraction from Satellite and Aerial Images}},
  school = 	 {ETH Zuerich},
  year = 	 {1997},
  type = 	 {Mitteilungen Nr. 61 des Institut fuer Geodaesie und Photogrammetrie}
}

@inproceedings{Li97b,
author   = "H. Li and A.Gruen",
title    = {{LSB-Snakes for Industrial Measurement Applications}},
booktitle= "Optical 3--D Measurement Techniques IV",
address  = "Zurich, Switzerland",
month    = "September",
year     = 1997
}

@PHDTHESIS     {Baltsavias91b,
author         = "E. P. Baltsavias" ,
title          = {{Multiphoto Geometrically Constrained Matching}},
school         = "Institute for Geodesy and Photogrammetry, ETH Zurich" ,
year           = "1991" ,
month          = "December" ,
pages          = "121--153",
bibdate        = "2/04/93 13:29:22" ,
bibentry       = "ygl" }


@Article{Baltsavias91c,
  author = 	 {E. Baltsavias and D. Stallmann},
  title = 	 {{Trinocular Vision for Automatic and Robust Determination of the Trajectories of Moving Objects}},
  journal = 	 {International Archives of Photogrammetry and Remote Sensing},
  year = 	 {1991},
  volume = 	 {28},
  number = 	 {5/1},
  pages = 	 {620--629}
}


%Beyer, H.A., 1992: Geometric and radiometric analysis of a CCD-camera
%based photogrammetric close-range system. Ph.D. Thesis, Mitteilungen
%No.51, Institute  of Geodesy and Photogrammetry, ETH Zurich, 186 pages=20

@InProceedings{Beyer93,
  author = 	 {H.A. Beyer},
  title = 	 {{Determination of Radiometric and Geometric Characteristics of Frame Grabbers}},
  booktitle = 	 "Videometrics II, SPIE 2067",
  year = 	 {1993},
  pages = 	 {93--103}
}
		  
@Article{Beyer95,
  author = 	 {H.A. Beyer},
  title = 	 {{Digital Photogrammetry in Industrial Applications}},
  journal = 	 "International Archives of Photogrammetry and Remote Sensing",
  number =       30,
  volume =       "5W1",	  	   
  year = 	 {1995},
  pages = 	 {373--378}
}
		  
@Article{Chikatsu96,
  author = 	 {H. Chikatsu and K. Nakano and T. Anai},
  title = 	 {{Dynamic analysis of motion using sequential images of video theodolite}},
  journal = 	 "International Archives of Photogrammetry and Remote Sensing",
  number =       31,
  volume =       "B4",	  	   
  year = 	 {1996},
  pages = 	 {9--18}
}

%--
%D
%--
	  
@article{Daanen97,
author   = "H. Daanen and M. A. Brunsman and S. E. Taylor and J. H. Nurre",
title    = {{Accuracy problems in whole body scanneing}},
journal  = "IST/SPIE's Symposium of Electronic Imaging",
year     = 1997,
volume   = 3023,
}
	  
%--
%E
%--

%--
%F
%--

%--
%G
%--

@Article{Gruen88,
  author = 	 {A. Gruen and E. Baltsavias},
  title = 	 {{Geometrically constrained multiphoto matching. Photogrammetric Engineering and Remote Sensing}},
  journal = 	 "Journal of Photogrammetry, Remote Sensing and Cartography",
  number =       54,
  volume =       5,	  	   
  year = 	 {1988},
  pages = 	 {633--641}
}		

@InProceedings{Gruen91,
author = 	 {A. Gruen and D. Stallmann},
  title = 	 {{High Accuracy Edge Matching with an Extension of the MPGC-Matching Algorithm}},
  booktitle = 	 "SPIE Proceedings of Industrial Vision Metrology",
  volume =       1526,
  year = 	 {1991},
  pages = 	 {42--45}
}

@InProceedings{Gruen92,
  author = 	 {A. Gruen and H.A. Beyer},
  title = 	 {{System Calibration through Self-Calibration}},
  booktitle = 	 "Workshop on Calibration and Orientation of Cameras in Computer Vision",
  address =      "Washington, D.C.",
  month   =      "August",		  
  year = 	 {1992},
  pages = 	 {93--103}
}

@Article{Gruen94,
  author = 	 {A. Gruen and P. Agouris},
  title = 	 {{Linear Feature Extraction by Least Squares Template Matching Constrained by Internal Shape Forces}},
  journal = 	 {International Archives of Photogrammetry and Remote Sensing},
  year = 	 {1994},
  volume = 	 {30},
  number = 	 {3/1},
  pages = 	 {316--323}
}

@Article{Gruen95a,
 author = 	 {A. Gruen and H. Li},
 title = 	 {{Road Extraction from Aerial and Satellite Images by Dynamic Programming}},
 journal = 	 "ISPRS Journal of Photogrammetry and Remote Sensing",
 volume =        50,
 number =        4,
 pages = 	 {11--20},
 year  =         1995
}


@InBook{Gruen96,
  author = 	 {A. Gruen},
  title = 	 {{Close Range Photogrammetry and Machine Vision}},
  chapter = 	 {{Development of Digital Methodology and Systems}},
  publisher = 	 {Whittles Publishing},
  year = 	 {1996}
}

@Article{Gruen96b,
  author = 	 {A. Gruen},
  title = 	 {{Digital Photogrammetric Stations Revisited}},
  journal = 	 IAPRS,
  year = 	 {1996},
  volume = 	 {31},
  number = 	 {B2},
  pages = 	 {127--134}
}

%Gruen, A., Huang, Th., (Eds.) 1992: Calibration and Orientation of
%Cameras in Computer Vision. Collection of Invited Papers to the ISPRS
%Workshop Washington, D.C.,            2. August 1992

%--
%H
%--

@Misc{Hamamatsu,
  key    =       {Hamamatsu},
  title  = 	 {{3D Body Measurement System}},
  year   =       2004,
  note   = 	 {Hamatsu Corporation, http://www.hamamatsu.ch/}
}

@Article{Heikkinnen96,
  author = 	 {J. Heikkinnen},
  title = 	 {{Object Reconstruction from Images of a Moving Camera}},
  journal = 	 IAPRS,
  year = 	 {1996},
  volume = 	 {31},
  number = 	 {B4},
  pages = 	 {220--224}
}

%--
%I
%--

@Misc{Inspeck,
  key    =       {Inspeck},
  title  = 	 {{3--D Capturor}},
  year   =       2004,
  note   = 	 {InSpeck Inc., http://www.inspeck.com/}
}
		  
%--
%L
%--

@PhdThesis{Li97,
  author = 	 {H. Li},
  title = 	 {{Semi-Automatic Road Extraction from Satellite and Aerial Images}},
  school = 	 {Institute of Geodesy and Photogrammetry,ETH-Zuerich},
  year = 	 {1997}
}

%Maas, H.-G., (1992): Digitale Photogrammetrie in der dreidimensionalen
%Str=F6mungsmesstechnik. Ph.D. Thesis, Mitteilungen, No.50, Institute of
%Geodesy and Photogrammetry, ETH Z=FCrich, 140 pages =20

@Article{Maas92,
author  = "H. G. Maas",
title   = {{Robust Automatic Surface Reconstruction with Structured Light}},
journal = {International Archives of Photogrammetry and Remote Sensing},
year    = 1992,
volume  = 29,
pages   = {709--713},
number  = {B5}
}

@Article{Maas93,
  author = 	 {H.-G. Maas and A. Gruen and D. Papantoniou},
  title = 	 {{Particle Tracking  Velocimetry in Three Dimensional Flows. Experiments in Fluids}},
  journal = 	 {International Archives of Photogrammetry and Remote Sensing},
  year = 	 {1993},
  volume = 	 {30},
  number = 	 {3/2},
  pages = 	 {133--146}
}
		  
@Article{Maas94,
  author = 	 {H.-G. Maas and A. Stefanidis and A. Gruen},
  title = 	 {{Tracking Volume Elements in Sequences of 3-D Digital Images}},
  journal = 	 {International Archives of Photogrammetry and Remote Sensing},
  year = 	 {1994},
  volume = 	 {30},
  number = 	 {3/2},
  pages = 	 {539--546}
}

@article{Maas98,
author   = "H.-G. Maas",
title    = {{Image Sequence Based Automatic Multi-Camera System Calibration Techniques}},
journal  = "International Archives of Photogrammetry and Remote Sensing",
address  = "Hakodate, Japan",
month    = "June",
year     = 1998,
volume   =  32,
number   = "B5",
pages    = "763--768"
}	

@article{Miller96,
author   = "S.B Miller and F. C. Paderes and A. S. Walker",
title    = {{Automation in Digital Photogrammetric Systems}},
journal  = "International Archives of Photogrammetry and Remote Sensing",
year     = 1996,
volume   =  31,
number   = "B2",
pages    = "250--255"
}		

@Article{Rosenholm87,
  author = 	 {D. Rosenholm},
  title = 	 {{Multi-point matching using the Least Squares Technique for Evaluation of Three-Dimensional Models}},
  journal = 	  PERS,
  year = 	 {1987},
  volume = 	 {53},
  number = 	 {6},
  pages = 	 {621--626}
}

%--
%S
%--

@PhdThesis{Schlueter1999,
  author = 	 "M. Schlueter",
  title = 	 {{Von der 2 1/2D- zur 3D-Flaechenmodellierung fuer die photogrammetrische Rekonstruktion im Objektraum}},
  school = 	 "Muenchen",
  year = 	 {1999},
  type = 	 "Deutsche Geodaetische Kommission, Reihe C, Nr. 506, ISBN-Nr.: 3-7696-9545-3",
}

@InProceedings{Schrotter05a,
  author = 	 {G. Schrotter and E. Casanova and A. Gruen and P. Fua},
  title = 	 {{Markerless Model Based Human Motion Tracking}},
  booktitle = 	 {Optical 3-D Measurement Techniques},
  year = 	 {2005},
  month =        "October",
  address =      "Vienna, Austria"
}

@inproceedings {Schrotter05b,
        author = "G. Schrotter",
      	title = "Markerless Tracking and Surface Measurements in Biomechanical Applications",
      	booktitle = "International Conference on Robotics and Applications",
      	month = "October",
      	year = "2005",
  address="Cambridge, MA"
}

@inproceedings {Schrotter05c,
        author = "G. Schrotter",
      	title = "Motion Analysis and Human Body Reconstruction out of Video Sequences",
      	booktitle = "International Conference on Graphics, Vision and Image Processing",
      	month = "December",
      	year = "2005",
  address="Taiwan"
}

@inproceedings {Schrotter06,
        author = "G. Schrotter and L. Zhang",
      	title = "Robust Model Driven Matching Method for Face Analysis with Multi Image Photogrammetry",
      	booktitle = ICPR,
      	month = "August 20-24",
      	year = "2006",
 address="Hong Kong, China"
}

@inproceedings {Schrotter07,
	author =    "G. Schrotter and P. Fua",
	title =     "Design of a Multi-Camera Orientation and Calibration System for Human Surface Measurement and Motion Capture",
      	booktitle = "SGPBF Trinational Meeting",
      	month = "June",
      	year = "2007",
  address="Basel, Switzerland"
}


%--
%T
%--

@InProceedings{Trinder95,
  author = 	 {J. Trinder and H. Li},
  title = 	 {{Semi-Automatic Feature Extraction by Snakes}},
  booktitle = 	 {Automatic Extraction of Man-Made Objects from Aerial and Space Images},
  editor = 	 {Birkhaeuser Verlag},
  year = 	 {1995},
  pages = 	 {95--104},
  OPTnote = 	 {},
  OPTannote = 	 {}
}

%--
%U
%--

%--
%V
%--

@InProceedings{Vosselman95,
  author = 	 {G. Vosselman and J. Knecht},
  title = 	 {{Road tracing by Profile Matching and Kalman filtering}},
  booktitle = 	 {Automatic Extraction of Man-Made Objects from Aerial and Space Images},
  editor = 	 {Birkhaeuser Verlag},
  year = 	 {1995},
  pages = 	 {265--274},
  OPTnote = 	 {},
  OPTannote = 	 {}
}

%--
%W
%--

@article{Walker96,
author   = "A. S. Walker and G. Petrie",
title    = {{Automation in Digital Photogrammetric Systems}},
journal  = "International Archives of Photogrammetry and Remote Sensing",
year     = 1996,
volume   =  31,
number   = "B2",
pages    = "384--395"
}	

%--
%Y
%--

@PhdThesis{Youmei94,
  author = 	 {G. Youmei},
  title = 	 {{Non-contact 3D biological shape measurement from multiple views}},
  school = 	 {University of Western Australia},
  year = 	 {1994},
  type = 	 {M.Sc. Thesis}
}

%Oda, K.,Tanaka, M., Yoshida,  A., Kano, H., Kanade., T., 1996: A
%video-rate stereo machine and its application to virtual reality.
%International Archives of Photogrammetry and Remote Sensing, 31(B4),
%Vienna, 9-18 July, pp. 411-415

%Shortis, M., Robson, St., Short, T., 1996: Multiple focus calibration
%of a still video camera. International Archives of Photogrammetry and
%Remote Sensing, 31(B4), Vienna, 9-18 July, pp. 534-539
