
@article{BerclazTPAMI2011,
author = {Berclaz, Jerome and Turetken, Engin and Fleuret, Francois and Fua, Pascal},
projects = {Idiap},
title = {Multiple Object Tracking using K-Shortest Paths Optimization},
journal = {IEEE Transactions on Pattern Analysis and Machine Intelligence},
year = {2011}
}

@inproceedings{Cohen96,
  author = {L. Cohen and R. Kimmel},
  title = {{Global Minimum for Active Contour Models: A Minimal Path Approach}},
  booktitle = CVPR,
  pages = "666--673",
  month = "June",
  year = 1996
}

@inproceedings{Pele-iccv2009,
author = {Ofir Pele and Michael Werman},
title = {Fast and Robust Earth Mover's Distances},
booktitle = {ICCV},
year = {2009}
}


@inproceedings{Nister:2008,
 author = {Nist{\'e}r, David and Stew{\'e}nius, Henrik},
 title = {Linear Time Maximally Stable Extremal Regions},
 booktitle = {Proceedings of the 10th European Conference on Computer Vision: Part II},
 series = {ECCV '08},
 year = {2008},
 isbn = {978-3-540-88685-3},
 location = {Marseille, France},
 pages = {183--196},
 numpages = {14},
 acmid = {1479267},
 publisher = {Springer-Verlag},
 address = {Berlin, Heidelberg}
} 

@article {Pertzs11, 
      author = "G. Gonzalez and L. Fusco and O. Pertz and K. Smith",
      title = "Automated Quantification of Morphodynamics for High-Throughput Live Cell Imaging Datasets ",
      journal = "EPFL Technical Report",
      month = "June",
      year = "2011",
} 

@article{Frangi98,
  author = {Alejandro F. Frangi and Wiro J. Niessen and Koen L. Vincken and Max A. Viergever},
  title = {{Multiscale Vessel Enhancement Filtering}},
  journal = "Lecture Notes in Computer Science",
  volume = "1496",
  pages = "130--137",
  year = 1998
}

@book{Sethian99,
  author = {J.A. Sethian},
  title = {{Level Set Methods and Fast Marching Methods Evolving Interfaces in Computational Geometry, Fluid Mechanics, Computer Vision, and Materials Science}},
  publisher = {Cambridge University Press},
  year = 1999
}

