@article{Held:2010dv,
author = {Held, Michael and Schmitz, Michael H A and Fischer, Bernd and Walter, Thomas and Neumann, Beate and Olma, Michael H and Peter, Matthias and Ellenberg, Jan and Gerlich, Daniel W},
title = {{CellCognition: time-resolved phenotype annotation in high-throughput live cell imaging.}},
journal = {Nature methods},
year = {2010},
volume = {7},
number = {9},
pages = {747--754},
month = sep,
affiliation = {Institute of Biochemistry, Swiss Federal Institute of Technology Zurich, Zurich, Switzerland.}
}

