
@article{BerclazTPAMI2011,
author = {Berclaz, Jerome and Turetken, Engin and Fleuret, Francois and Fua, Pascal},
projects = {Idiap},
title = {Multiple Object Tracking using K-Shortest Paths Optimization},
journal = {IEEE Transactions on Pattern Analysis and Machine Intelligence},
year = {2011}
}


@inproceedings{Pele-iccv2009,
author = {Ofir Pele and Michael Werman},
title = {Fast and Robust Earth Mover's Distances},
booktitle = {ICCV},
year = {2009}
}


@inproceedings{Nister:2008,
 author = {Nist{\'e}r, David and Stew{\'e}nius, Henrik},
 title = {Linear Time Maximally Stable Extremal Regions},
 booktitle = {Proceedings of the 10th European Conference on Computer Vision: Part II},
 series = {ECCV '08},
 year = {2008},
 isbn = {978-3-540-88685-3},
 location = {Marseille, France},
 pages = {183--196},
 numpages = {14},
 acmid = {1479267},
 publisher = {Springer-Verlag},
 address = {Berlin, Heidelberg}
} 
